2925 5009
320 469 389 516 raa
572 447 613 516 C.
642 448 817 520 PLlNll
842 449 954 518 Nat.
982 448 1113 516 lllST.

264 605 297 664 42
367 581 484 674 Nuper
502 593 687 673 repertum,
708 577 889 652 draconem
909 603 1021 650 serere
1036 578 1132 672 juxta
1149 579 1393 649 arboremzita

316 683 520 780 appellamus
541 683 709 780 palmitem
731 688 925 770 emeritum,
947 684 1165 782 pluribmque
1191 685 1392 755 induratam

316 793 423 861 aunis.
443 791 541 860 Hunc
555 793 729 886 precisum
746 817 848 888 quam
864 793 1008 862 maxima
1024 790 1269 888 amplitudine,
1283 792 1393 862 tribus

316 897 466 992 partibus
489 893 703 992 longitirdiuis
728 899 847 970 deraso
870 900 1013 988 oordce,
1039 913 1202 994 qautenus
1222 898 1395 968 obruatur

319 995 429 1097 (unde
445 1018 481 1073 et
493 1002 623 1074 rasilem
638 994 804 1099 vocant),
816 1005 1002 1101 deprimere
1015 1004 1129 1090 sulco,
1147 1004 1280 1100 reliqua
1297 1018 1393 1100 parte

317 1110 360 1179 ad
375 1111 528 1180 arborem
542 1125 676 1182 aecta:
694 1114 897 1208 oeyssimum
913 1112 949 1180 in
965 1113 1045 1182 vite.
1061 1113 1096 1182 si
1106 1111 1241 1207 gracilis
1255 1113 1307 1180 sit
1318 1111 1394 1179 vitis

318 1232 377 1286 aut
386 1231 491 1306 terra,
504 1219 663 1288 usitatum
676 1233 727 1289 est
738 1243 841 1314 quarn
854 1218 1006 1314 proxime
1016 1216 1127 1288 mlum
1137 1217 1267 1302 doridi,
1282 1217 1393 1288 ᾶουω

318 1323 470 1393 firmetur
485 1322 604 1394 radix:
622 1325 709 1395 sicut
725 1347 834 1420 neque
853 1323 1036 1395 roseidam7
1053 1325 1134 1412 aeti,
1158 1347 1275 1419 neque
1298 1348 1321 1394 a
1343 1346 1391 1392 se

317 1430 526 1525 ptemtn'oms
541 1429 632 1502 llttu.
644 1432 740 1502 Vites
756 1429 956 1525 Aquilonem
972 1445 1124 1526 spectare
1144 1429 1276 1500 debent
1294 1431 1393 1524 ipse,

316 1535 468 1630 palmites
484 1550 597 1606 autem
614 1559 729 1606 earum
745 1537 928 1607 meridiem.

150 1693 154 1698 -
265 1648 299 1712 43
369 1629 1191 1739 Nonestfestinandum⁸adputationemnoredoe:
1206 1641 1272 1711 sed
1283 1641 1392 1736 primo

316 1750 350 1830 in
378 1744 520 1819 circulos
543 1750 697 1819 materies
719 1747 923 1845 colligenda,
948 1773 1012 1818 nec
1033 1749 1097 1818 nisi
1120 1745 1240 1819 validae
1260 1747 1391 1842 putatio

315 1853 548 1924 admovenda:
568 1856 694 1926 seriore
713 1855 785 1926 fere
804 1879 893 1925 anno
910 1855 957 1925 ad
978 1854 1126 1925 fmemm
1142 1855 1288 1924 arbusta
1311 1854 1391 1933 vite,

316 1983 416 2055 quam
426 1960 543 2054 jugata
550 1957 572 2028 ⁹.
592 1963 679 2032 Sunt
693 1963 752 2056 qui
764 1963 901 2031 omnino
914 1963 1025 2057 putari
1038 1975 1173 2044 vetant,
1192 1963 1390 2055 priusquam

319 2066 477 2136 arbomm
498 2064 740 2160 longitudinem
761 2070 953 2162 aequaverit.
977 2069 1088 2136 Prima
1107 2064 1195 2137 falce
1209 2091 1272 2136 sex
1291 2063 1391 2160 pedes

319 2195 339 2240 a
360 2187 449 2240 terra
475 2171 665 2258 recidatur,
689 2172 821 2269 llagollo
838 2173 927 2242 insra
944 2170 1076 2258 relicto,
1098 2187 1133 2242 et
1153 2174 1246 2242 nasci
1271 2183 1390 2240 coacto

266 2290 299 2349 ll
317 2278 546 2346 incurvatione
562 2271 715 2349 materiae.
727 2282 809 2350 Tres
822 2281 853 2349 ei
863 2278 888 2304 ¹⁰
900 2304 1060 2374 gemmae,
1080 2303 1148 2348 non
1160 2275 1325 2372 amplius,
1336 2273 1389 2343 de·

314 2397 432 2477 putato
452 2383 629 2478 supersint.
664 2385 715 2454 Ex
736 2385 788 2456 his
815 2387 925 2456 emissi
946 2383 1100 2480 palmites
1121 2383 1280 2480 proximo
1302 2405 1388 2452 anno

314 2489 389 2558 imis
408 2491 602 2585 ingerantur
623 2492 765 2561 scamnis
775 2490 813 2578 ¹¹,
832 2515 872 2560 ac
887 2516 952 2588 per
972 2489 1120 2586 singulos
1145 2513 1255 2560 annos
1278 2488 1323 2558 ad
1340 2509 1389 2555 sa·

315 2595 446 2690 periora
462 2594 639 2680 scandant,
659 2595 774 2668 relicto
796 2621 927 2694 semper
943 2597 1141 2668 duramento
1153 2595 1178 2622 ¹²
1200 2599 1235 2665 in
1254 2589 1389 2689 singulis

357 2809 387 2860 7.
400 2789 470 2842 Sicut
485 2807 560 2861 nepas
574 2789 701 2844 roscidam.
723 2790 831 2845 Colum.
873 2804 995 2864 empoat
1007 2791 1163 2844 Pintianum
1171 2787 1276 2842 Hard-
1287 2785 1389 2842 serim

318 2869 365 2922 lib.
374 2869 410 2934 V,
421 2887 478 2940 cap.
492 2869 529 2922 6:
545 2890 556 2912 ι
570 2869 833 2930 Cavendum‚neant
873 2871 930 2925 lere
956 2889 1027 2924 anno
1055 2867 1092 2923 ad
1120 2869 1239 2922 fructum
1266 2869 1388 2926 arbusta.

318 2947 580 3019 septentrionalibus
595 2949 692 3014 ventis,
702 2962 836 3004 antroru·
874 2951 1118 3024 quamvitisjugata
1131 2947 1200 3002 »Gn
1208 2960 1236 3002 et
1245 2949 1323 3019 vulg.
1339 2943 1387 2998 Εῑι

319 3029 410 3096 lente,
424 3026 471 3082 sed
485 3028 559 3082 siccae
572 3040 704 3082 serantur.
723 3054 735 3077 ι
753 3029 790 3083 Η.
918 3049 962 3084 ιο.
996 3031 1056 3082 Tm
1078 3034 1112 3082 ei.
1132 3027 1307 3091 Columella,
1329 3025 1348 3078 l.
1366 3037 1388 3073 a

360 3111 387 3164 8.
409 3107 468 3162 Non
482 3119 518 3160 est
524 3107 700 3174 festinandum·
721 3107 835 3162 Colum.
879 3136 891 3158 ι
905 3109 1044 3164 Materiam
1057 3107 1131 3162 ferro
1146 3103 1325 3162 monendam
1336 3117 1388 3156 este

320 3189 367 3242 lib.
380 3189 416 3254 V,
424 3205 481 3259 cap.
493 3192 525 3240 6:
537 3209 548 3232 ι
561 3187 685 3240 Proxima
697 3185 836 3260 putatione
876 3206 1087 3260 censeamusque
1104 3187 1134 3240 iu
1145 3187 1255 3242 alteram
1276 3185 1321 3240 rel
1339 3195 1388 3236 tct-

319 3267 558 3322 meliusexiatimat
571 3266 663 3322 Celsus
673 3267 745 3320 terro
755 3265 836 3320 altsti-
875 3271 940 3323 tiam
952 3285 1104 3340 gemmam,
1114 3278 1166 3320 etc.
1181 3290 1194 3314 ο
1212 3265 1309 3319 Ηιιιυ.

320 3348 394 3413 neri,
407 3347 533 3418 ipsosque
553 3347 642 3400 caules
664 3345 692 3400 iu
721 3343 836 3398 modum
915 3339 1386 3418 -11.1rgmmureoanais.lrattss·

321 3445 427 3480 cornnn
446 3421 601 3488 contortos,
616 3425 706 3478 arbori
718 3424 837 3478 circm-
876 3431 942 3500 Reg.
954 3425 1195 3500 Colb.Chilll.non
1202 3426 1347 3490 inserantur.
1356 3417 1387 3470 H·

321 3503 533 3570 dartutflexura
542 3505 665 3558 materias
675 3503 836 3576 profundat,
920 3525 966 3560 ra.
992 3506 1152 3559 Dommento.
1186 3503 1305 3557 Duriore
1337 3515 1384 3552 aar·

321 3603 434 3656 quarum
449 3583 641 3638 validissimum
651 3596 780 3655 sequente
793 3602 839 3638 arr
878 3599 986 3652 mento,
998 3583 1073 3657 qnod
1087 3583 1280 3638 duramentum
1292 3594 1320 3636 et
1334 3575 1387 3632 col.

321 3681 358 3718 no
370 3676 453 3736 caput
465 3664 527 3717 vitis
541 3664 680 3718 faciamus.
691 3663 736 3716 Me
748 3675 838 3718 autem
877 3679 957 3720 vocat
967 3667 1016 3719 lib.
1032 3665 1084 3729 IV,
1101 3683 1163 3735 cap.
1176 3680 1208 3716 a!
1220 3681 1230 3729 3
1241 3659 1387 3716 domurn,

322 3743 417 3816 longua
431 3742 523 3797 docuit
544 3762 620 3808 usus,
636 3743 723 3796 multo
746 3743 839 3796 utilius
878 3763 937 3817 cap.
953 3765 1003 3810 m
1018 3743 1155 3798 materiam
1165 3743 1213 3795 lib.
1226 3742 1263 3805 V,
1281 3739 1385 3810 cap.6³

322 3822 477 3894 esseprimo
488 3841 595 3894 quoqne
608 3835 728 3894 tempore
741 3823 838 3876 falcem
880 3825 995 3891 «Quum
1014 3823 1138 3896 palmites
1159 3823 1277 3894 primum
1291 3814 1388 3874 tabula·

323 3909 423 3964 ritilrua
446 3907 589 3964 admovere
598 3949 607 3974 ‚
632 3922 683 3964 etc.
699 3935 711 3958 a
728 3910 839 3964 Cdrum
880 3917 941 3958 tum
951 3899 1195 3975 apprehenderint,
1206 3901 1331 3972 proxima
1342 3911 1386 3966 pu·

324 3988 471 4044 Columella
484 3987 591 4043 deserit.
605 3989 700 4042 llann.
883 3983 983 4038 tatione
1004 3981 1165 4054 disponetur
1184 3980 1247 4035 ritis
1269 3977 1387 4033 omuibus

364 4087 391 4142 9.
412 4069 493 4139 Queat
513 4071 613 4138 jugere.
630 4069 675 4123 Sic
698 4087 734 4122 ex
761 4067 839 4122 MSS.
883 4059 1385 4134 anuis:alioquiinsuperiustabulatum
