2925 5009
496 423 657 495 muna
693 426 775 493 xx.
1104 424 1172 525 557

100 556 239 629 bubulo.
253 542 381 627 Αἰιιιιι6
402 556 543 627 verbera
555 558 712 630 subituris
726 571 843 653 polum
865 582 905 627 ex
923 558 1001 629 vino
1018 558 1171 633 duritiam

99 664 278 760 qrramdam
298 678 415 733 contra
427 687 560 734 mesum
574 664 741 735 inducere.
756 668 797 733 ln
808 663 1011 735 condiendis⁷
1028 666 1172 738 obsoniis

98 786 193 841 tanta
210 786 263 839 est
282 770 447 855 suavitas,
463 784 501 839 ut
516 772 625 841 Graeci
642 758 825 841 ειηοηιοιι8
840 769 1088 865 appellaverint.
1106 776 1170 844 Pu·

98 891 173 945 tant
190 876 334 947 subtrita
353 898 453 945 eruca
467 876 494 945 ri
512 874 689 946 foveantur
701 876 805 962 oculi,
826 875 1009 948 claritatem
1022 882 1171 949 restitui:

98 980 244 1052 tussim⁹
264 980 441 1052 infantium
463 980 581 1051 sedari.
607 982 749 1053 Radix¹⁰
769 984 840 1076 ejus
863 984 896 1052 in
927 1008 1012 1078 aqua
1033 985 1172 1057 decocta

98 1088 206 1158 fracta
217 1092 293 1159 osea
305 1089 458 1157 extrahit.
470 1089 560 1157 Nam
571 1087 644 1159 de¹¹
656 1092 788 1159 Venere
800 1087 999 1159 stimulanda
1014 1089 1169 1161 diximus:

97 1196 161 1264 tria
177 1194 256 1265 folia
265 1192 289 1219 '¹
301 1193 459 1264 silvestris
472 1218 581 1263 erucae
596 1195 726 1265 sinistra
739 1220 839 1265 manu
855 1194 1031 1290 decerpta,
1045 1212 1080 1267 et
1093 1200 1168 1269 trita

97 1303 132 1370 in
149 1326 239 1397 aqua
259 1300 367 1369 mulsa
386 1300 414 1370 si
430 1300 598 1369 bibantur.

150 1412 191 1478 Ι,
219 1410 249 1477 Ε
268 1407 435 1477 contrario
451 1407 651 1476 nasturtium
664 1409 832 1477 Venerem
845 1405 974 1476 inhibet
982 1405 1005 1491 ¹,
1020 1410 1167 1479 animum
1191 1443 1201 1477 ι

137 1594 167 1646 6.
182 1591 273 1644 Aiane.
292 1590 360 1643 Plin.
377 1590 438 1643 Val.
454 1590 505 1657 lv,
520 1591 554 1645 1³
565 1630 573 1659 ,
585 1602 614 1645 et
657 1592 742 1662 ioliaq
756 1588 803 1644 aetl
815 1609 904 1643 remen
920 1590 1006 1663 iprum
1025 1612 1111 1647 eruca
1121 1596 1167 1649 ad·

96 1671 218 1725 florent.
229 1669 248 1722 l.
260 1688 285 1722 c.
295 1670 389 1723 Haan.
656 1670 731 1724 bibet
745 1682 838 1723 auctor
858 1670 921 1723 libri
938 1673 984 1743 qui
1003 1673 1068 1725 falco
1088 1674 1167 1729 Kira-

132 1770 163 1821 7.
178 1751 209 1802 lu
220 1748 611 1802 wudr'eudis.Pliu.Val.l.e.ll.
656 1768 707 1803 nur
716 1750 888 1813 inscribitur,
902 1769 961 1821 pag.
981 1758 1025 1815 ²4·
1038 1750 1127 1807 llauu.

136 1833 166 1883 8.
178 1830 447 1899 Euaemoniluiuum,
457 1828 528 1899 παρὰ
541 1833 570 1883 rb
585 1824 610 1883 ui
695 1830 727 1881 L.
743 1847 768 1882 ι.
785 1830 938 1883 Nasturlium
946 1832 1060 1883 Venerem
1069 1834 1166 1887 inhibet.

94 1908 610 1980 etlopir‚prnpteranavitatem,quam
655 1907 806 1963 Dioscoridi
826 1910 950 1963 nasturtii
970 1929 1059 1963 remen
1082 1934 1165 1967 cnara·

93 1991 203 2061 jnribus
240 1990 363 2059 praebet,
399 1987 476 2059 quaai
505 1988 611 2059 juribua
655 1990 710 2041 clav
727 1992 852 2059 παρορμᾷ.
866 1989 1043 2043 Crariauuain
1058 1991 1166 2062 Geapo-

92 2082 178 2139 grata.
195 2069 288 2121 Haan.
655 2068 739 2131 nicia,
751 2068 799 2120 lib.
814 2068 881 2131 ΧΠ,
893 2087 950 2139 cap.
973 2089 1021 2139 η,
1037 2068 1166 2143 κάρδαμον

135 2166 167 2217 9.
182 2146 608 2212 thm.Ptin.val.1v,13.H.
654 2148 712 2216 φησὶ
729 2143 876 2219 ἀφροδισίων
892 2149 1077 2220 ἰφυιτικώτιρον
1097 2146 1168 2217 εἶναι,

139 2247 184 2281 ro.
199 2226 292 2279 Radia.
307 2226 378 2278 Plin.
390 2226 451 2278 Val.
463 2226 483 2279 l.
495 2244 519 2279 c.
532 2226 569 2279 H.
653 2226 720 2281 aicat
737 2240 763 2280 et
783 2226 893 2279 Pliniua.
920 2224 1057 2299 Κάρὸαμον
1082 2230 1167 2287 Graeci

138 2326 185 2360 rr.
201 2307 268 2361 Nam
276 2306 315 2358 de.
326 2305 387 2358 Lib.
398 2306 481 2370 XIX,
493 2313 540 2370 44.
553 2306 587 2360 Η.
653 2318 750 2359 vocant
761 2308 810 2361 ἀπὸ
826 2312 870 2367 τῆς
884 2303 1006 2379 καρδίας,
1022 2308 1096 2381 quod
1108 2330 1167 2365 cor·

137 2386 354 2453 12.Triasolia.
378 2386 441 2438 Non
464 2384 499 2439 ad
514 2385 608 2439 uimn·
651 2384 728 2439 datos
747 2397 775 2439 et
802 2384 946 2457 prudenter
969 2387 1055 2443 iaciat.
1083 2390 1167 2443 Aiunt

93 2464 204 2520 landam
219 2467 370 2529 Venerem,
391 2464 438 2519 aed
454 2463 487 2519 ad
503 2466 607 2535 regium
651 2466 724 2519 enim
737 2467 792 2527 τοὺς
806 2466 930 2527 ἐσθίοντας
946 2464 1074 2539 deluam
1084 2470 1166 2533 ituri·

93 2547 223 2601 morbum
251 2544 408 2617 pellendum
440 2546 608 2599 Florentium
652 2563 705 2615 ρους
720 2546 766 2603 τὴν
785 2541 895 2598 διάνοιαν
915 2546 1033 2617 γίνεσθαι.
1053 2550 1166 2619 Sputum

91 2626 148 2683 boc
164 2625 359 2679 medicamento
371 2624 457 2677 utitur
473 2624 501 2676 in
518 2624 606 2695 Grop.
651 2636 679 2677 et
692 2624 797 2677 urinam
809 2625 933 2678 inhibere
949 2624 1030 2678 iidem
1044 2626 1166 2693 tradunt,

93 2706 164 2771 ΧΠ,
185 2709 222 2758 26
238 2723 245 2758 :
262 2698 351 2805 lqpiau
361 2700 393 2757 ii
408 2702 517 2775 ιύζῶμω
530 2705 608 2775 φύλλα
651 2704 687 2755 ob
701 2702 817 2757 validam
832 2701 948 2757 aiccandi
961 2704 1014 2757 vim
1027 2724 1034 2758 :
1049 2704 1163 2779 ideoque

92 2788 135 2839 τὸν
149 2787 250 2855 ἀριθμὸν
269 2804 286 2854 γ
304 2789 360 2853 ,τῇ
376 2784 476 2853 ἀριςιρᾷ
487 2786 549 2853 zarai
562 2790 608 2839 lm·
651 2782 737 2835 Peraia
754 2784 783 2837 iu
803 2802 853 2835 nnn
875 2784 1096 2855 frequentiam,
1118 2790 1164 2859 qui

92 2866 203 2934 etiarn,
217 2864 309 2933 ἷκτιρον
326 2864 405 2916 ἰᾶται.
425 2862 499 2927 Quin
513 2874 541 2915 et
555 2862 608 2915 Pli·
650 2862 765 2926 meiere,
777 2863 993 2935 spuere,emurrgi
1004 2882 1092 2917 coram
1105 2866 1165 2919 aliie

92 2944 156 2996 nina
171 2943 240 2995 alter
260 2941 434 3006 Valerianus,
458 2942 507 3013 qui
529 2959 606 2995 anum
651 2942 833 3016 turpissimum
856 2954 959 3013 putant.
980 2942 1163 3015 Rhodiginuc,

93 3040 165 3094 opua
178 3040 211 3075 cx
229 3021 309 3075 Plinii
333 3021 418 3074 nostri
440 3021 528 3074 rerbia
545 3040 606 3073 ren·
649 3020 697 3073 lib.
720 3022 831 3086 XXVI,
857 3027 981 3093 napaei.
994 3022 1065 3077 Vide
1085 3043 1165 3095 aupra

93 3101 240 3173 teutiiaque
267 3100 454 3165 concinnavit.
477 3100 525 3154 lib.
559 3100 604 3163 11,
650 3098 698 3153 lib.
712 3101 796 3167 XIX,
816 3121 873 3173 cap.
890 3102 915 3153 8.
932 3102 1024 3174 Itaque
1039 3104 1159 3157 Ammia-

94 3182 148 3250 59,
162 3179 198 3233 ad
209 3182 334 3234 morbum
344 3180 448 3250 regium
456 3177 605 3233 sanandum
649 3197 700 3232 nne
714 3180 883 3236 Marcelliani
896 3180 1005 3249 scribit,
1025 3182 1162 3237 Peraarum

92 3262 153 3315 bac
175 3261 279 3314 refert:
310 3261 404 3331 capitia
427 3260 526 3313 lemma
550 3272 606 3324 eat,
649 3256 777 3313 cadavera
802 3260 839 3311 ob
865 3260 951 3314 victua
974 3263 1161 3332 parsimoniam

96 3366 109 3389 ι
125 3340 213 3412 Regio
227 3340 325 3392 morbo
336 3338 482 3411 pellendo:
499 3364 511 3385 ι
525 3352 606 3410 atque
649 3336 789 3393 durecere
811 3338 931 3409 rtipitum
953 3360 1043 3407 more,
1066 3344 1162 3396 necin

91 3419 165 3473 inter
190 3418 385 3473 medicamenta
410 3429 606 3483 accensentur,
648 3417 748 3471 uniam
763 3416 877 3489 liquari,
901 3433 990 3473 nostra
1012 3440 1076 3473 vero
1099 3440 1161 3477 mox

95 3525 108 3548 ι
118 3500 214 3553 Erncar
224 3498 360 3570 aylveatria
371 3497 605 3551 trialoliaainiatra
648 3514 714 3551 carra
728 3497 877 3563 tabescere,
897 3516 928 3551 ac
948 3512 1118 3569 putrescere,
1133 3515 1163 3555 ut

90 3598 174 3633 uranu
187 3576 312 3649 decerpta
329 3596 362 3631 ex
374 3596 444 3648 aqna
465 3576 549 3630 malea
562 3576 604 3629 bi·
647 3576 748 3629 mortui
761 3575 861 3629 nullius
880 3577 959 3631 facien
978 3592 1038 3649 poet
1058 3570 1162 3650 quatri·

90 3660 204 3713 buntur.
215 3682 228 3705 ι
252 3658 329 3711 Nihil
345 3656 391 3711 bic
407 3674 493 3725 porro
510 3674 604 3709 mann·
648 3652 733 3709 duum
745 3670 910 3727 agrrowatnr.
922 3658 1072 3711 Daran-
1084 3660 1161 3711 Vene-

90 3738 186 3809 acripti
196 3735 302 3791 codice·
308 3738 401 3806 jurant
414 3756 421 3787 a
434 3734 502 3789 nihil
510 3737 602 3805 conje·
646 3754 703 3788 rem.
727 3734 799 3788 Pliu.
824 3736 885 3791 Val.
910 3738 966 3801 IV,
991 3757 1043 3802 ιη
1066 3754 1160 3793 auctor

91 3830 172 3871 crura
185 3836 193 3871 a
207 3834 360 3889 quanquam
376 3828 423 3869 aur
436 3814 601 3868 mutilatione
647 3814 733 3886 Geop.
758 3814 833 3883 xli,
859 3836 904 3887 ²7·
929 3816 961 3869 Αι
987 3815 1109 3872 dissentit
1126 3822 1160 3872 ab

91 3898 181 3968 aliqua
201 3897 361 3959 verborum,
384 3908 431 3949 ant
448 3893 604 3965 trajectione
646 3907 764 3966 utroque
774 3895 864 3948 Dicae.
878 3895 921 3960 11,
936 3894 1000 3951 185.
1010 3898 1161 3952 Conciliare

91 3976 231 4029 contentia
240 3976 361 4029 laborare
369 3975 440 4027 bunc
449 3974 537 4028 locum
546 3992 602 4027 nou
646 3974 739 4027 ambo·
760 3973 830 4027 inter
850 3992 878 4027 ee
897 3974 1106 4029 Prendo-Macer
1125 3978 1161 4030 vi·

90 4055 157 4109 levia
169 4055 287 4127 auspicio
297 4068 345 4109 ear.
356 4052 398 4108 ud
408 4056 540 4109 Venerem
549 4072 604 4107 non
646 4050 740 4120 detur,
763 4071 848 4125 quum
865 4070 923 4108 eam
943 4054 999 4109 rim
1021 4054 1163 4111 inhibendi
