2925 5009
439 480 596 548 LIBER
623 479 774 550 xvltt.
832 545 836 548 .
1066 485 1141 558 205

89 605 180 678 libras
194 609 308 704 adjicit.
319 611 453 678 blasina
467 633 550 704 aqua
569 611 689 706 subigi,
705 611 795 708 quod
807 611 956 708 plerique
968 618 1141 688 maritimis

88 717 118 780 in
136 715 214 786 locis
231 717 375 803 iaciunt,
396 719 570 786 occasione
594 714 744 788 lucrandi
771 719 862 804 salis,
887 721 1139 794 inutilissimum.

89 823 157 890 Non
169 821 382 892 alindecausa
391 823 633 917 opportuniora
645 826 770 894 morbis
782 850 924 921 corpora
935 817 960 856 '³
969 831 1140 902 exsistunt.

87 927 195 998 Galliae
211 943 243 998 et
257 917 457 1023 Hispaniae²⁴
474 928 644 1000 frumento
663 933 696 999 in
713 945 830 1026 potum
841 918 866 958 ²⁵
885 933 1048 1023 resoluto,
1068 941 1140 1034 qui·

86 1031 143 1102 bus
167 1020 340 1104 diximus'⁶
363 1036 560 1130 generibus,
583 1061 701 1130 spuma
722 1039 769 1107 ita
794 1053 951 1110 concreta
983 1065 1047 1136 pro
1068 1044 1143 1114 ter·

85 1155 188 1210 mento
201 1155 351 1210 utuntur.
371 1142 450 1231 Qua
471 1141 513 1210 de
534 1165 635 1212 causa
653 1141 758 1213 levior
779 1143 858 1232 illis,
879 1168 980 1240 quum
998 1153 1141 1234 ceteris,

86 1270 170 1338 panas
183 1263 240 1316 est.

131 1353 325 1424 Differentiae
346 1367 397 1424 est
417 1367 451 1422 et
468 1351 595 1422 calami.
615 1355 768 1424 Crassior
782 1357 909 1452 quippe
924 1357 1070 1430 melioris
1090 1377 1174 1434 ests

86 1462 211 1550 generis.
232 1458 418 1530 Plurimis²⁷
438 1461 559 1529 tunicis
572 1459 753 1530 Thracium
771 1463 920 1532 triticum
935 1467 1086 1554 vestitur,
1096 1469 1142 1536 ob

86 1565 173 1634 nimia
194 1567 317 1661 frigora
340 1564 387 1634 illi
406 1563 511 1662 plagas
527 1567 740 1662 exquisitum.
760 1567 887 1638 Eadem
908 1593 1010 1640 eausa
1031 1586 1065 1642 et
1086 1575 1142 1642 tri-

86 1687 195 1742 mestre
202 1660 226 1698 ²⁸
245 1675 395 1758 invenit,
410 1673 633 1742 detinentibus
647 1688 754 1742 terras
768 1673 916 1763 nivibus,
934 1676 1025 1770 quod
1043 1682 1141 1749 tertio

88 1775 147 1846 lene
165 1805 182 1848 a
200 1795 273 1850 satu
293 1803 409 1849 mense
434 1793 468 1848 et
487 1781 521 1850 in
540 1778 666 1873 reliquo
688 1779 770 1848 orbe
790 1781 937 1850 metitur.
959 1784 1052 1853 Totis
1075 1783 1142 1856 hoe

87 1882 210 1978 Alpibus
231 1899 369 1969 notum,
385 1900 419 1954 et
433 1883 630 1954 hiemalibus
646 1886 827 1980 provinciis
844 1883 972 1957 nullum
990 1889 1058 1960 boc
1071 1891 1139 1960 sru-

87 2007 185 2062 meutn
198 1991 314 2062 letius.
322 1989 555 2062 Unicalamum
566 1989 590 2030 ²⁹
603 2005 851 2086 praeterea‚.nec
863 2017 1004 2087 usquam
1018 2019 1140 2092 capam

86 2217 142 2252 num
155 2202 239 2271 ipsssm
258 2219 347 2274 perse
361 2199 463 2254 alteris
478 2197 584 2254 dnobus
627 2199 684 2261 liis,
707 2199 786 2252 larris
805 2217 919 2272 genere,
939 2203 1014 2275 qnod
1033 2205 1142 2262 baem

86 2277 135 2332 istis
146 2282 299 2346 misceatur,
312 2281 431 2352 Cyprio,
443 2280 484 2333 vel
500 2279 583 2334 Ales·
626 2279 775 2342 sonabant,
789 2292 820 2332 nt
832 2277 935 2334 dietum
947 2295 1001 2348 est,
1018 2297 1074 2339 tuns
1090 2289 1141 2342 isto

87 2357 256 2414 mdrinnzsire
264 2379 328 2415 cum
341 2362 426 2414 altero
436 2359 584 2430 subigatur,
626 2359 789 2430 eapite‚tum
797 2377 855 2429 sup.
863 2361 1029 2434 lie-Spuma
1039 2367 1075 2418 its
1084 2387 1141 2420 con.

86 2435 166 2493 libram
179 2440 213 2495 sd
225 2439 333 2513 pondus
351 2438 450 2512 adjicit.
469 2439 586 2492 Tbebsi·
627 2451 702 2492 creta.
714 2439 814 2510 Spuma
826 2439 871 2492 ills
882 2456 1005 2496 concretu
1013 2447 1139 2508 cervisie,

87 2535 222 2590 eumporro
231 2539 266 2574 ex
280 2523 398 2591 AEgypto
412 2518 537 2590 intellige.
548 2519 583 2572 H.
627 2519 653 2570 lu
667 2519 823 2584 lerquus
832 2538 883 2591 pro
894 2520 1030 2576 frumento
1044 2526 1084 2578 uti
1094 2527 1141 2581 ite·

88 2628 119 2640 -
129 2599 298 2674 Frumentum
313 2599 477 2653 Thebaicum
494 2595 584 2652 reddit
626 2615 688 2650 rum
706 2598 835 2670 cupimus
849 2598 883 2652 ab
897 2617 968 2654 anno
983 2605 1073 2673 1670,
1084 2605 1141 2676 lege

87 2675 155 2732 libras
171 2699 243 2734 sxss.
267 2678 301 2732 ld
316 2697 424 2752 quoque
442 2677 515 2748 apud
534 2695 583 2731 uos
626 2689 733 2731 senatus
747 2677 909 2732 parisiensis.
927 2680 1066 2736 [seriorem
1080 2689 1140 2758 qni.

87 2759 231 2828 aspmientia
246 2771 429 2830 compertum,
443 2757 529 2810 mistis
544 2756 583 2810 lu·
626 2755 688 2810 dent
696 2775 795 2828 panem
805 2757 997 2824 laeit‚sednon
1005 2763 1138 2820 utiliorem

86 2837 156 2904 riuis,
166 2857 282 2892 emere
293 2839 370 2909 panis
381 2834 497 2907 pondus.
518 2837 583 2889 Cre·
627 2835 794 2906 corporibus.
805 2838 890 2891 Bsor.

86 2918 128 2970 scit
136 2918 345 2990 magis,sitritici
354 2930 381 2971 et
391 2915 482 2972 seculis
493 2915 584 2970 larinus
669 2935 714 2986 ²7·
728 2916 843 2969 Plurimir
854 2920 949 2971 traicit.
961 2919 1138 2992 Tbeopbrast.

87 2997 240 3052 miserentur.
258 2999 343 3052 Bsor.
626 2993 696 3048 llist.
718 2994 766 3048 lib.
782 2997 865 3058 vul,
881 3015 941 3069 esp.
963 3004 996 3063 4,
1008 3003 1022 3054 l
1035 3004 1139 3073 θρᾴκως

123 3076 163 3130 ad.
180 3079 360 3150 Opportusioru
372 3076 458 3129 morbis
472 3093 583 3146 corporn.
626 3075 811 3144 nsiusuilupor.
826 3075 920 3130 tisun.

87 3154 140 3208 lion
148 3159 181 3210 ub
190 3159 266 3212 salem
272 3157 338 3230 ,qui
347 3153 457 3228 quidem
466 3155 582 3208 saluber·
670 3157 715 3208 ιθ.
739 3155 778 3206 Et
803 3160 920 3208 tnissstrs
939 3155 982 3210 sie
1004 3176 1039 3212 ex
1063 3159 1140 3217 MSS.

86 3237 159 3290 rimus
169 3251 204 3292 est
214 3255 221 3290 :
233 3236 280 3292 sed
291 3238 327 3290 ob
340 3237 434 3290 sitium
444 3253 519 3308 aquas
529 3252 584 3287 ms·
627 3232 734 3288 emend.
757 3233 843 3288 Hasd.
858 3252 932 3289 unns.
949 3237 1100 3311 Daieesmp.
1117 3256 1142 3294 ee

86 3315 156 3381 tius,
169 3337 226 3390 qun
240 3317 448 3389 putrefactorum
470 3315 582 3385 piscium
627 3316 756 3366 trimestria
767 3313 887 3368 Gronov.
903 3328 931 3369 et
942 3316 977 3370 sl.
990 3316 1092 3374 En.-
1103 3323 1142 3375 Er

86 3395 238 3469 aliorumque
260 3395 289 3449 id
312 3415 396 3467 genus
421 3393 583 3448 lusditatibus
628 3397 753 3446 trimestre.
763 3393 858 3448 Tritici
868 3411 968 3464 genus,
979 3397 1057 3468 quod
1068 3399 1141 3456 iutra

87 3475 236 3547 inquinetur.
251 3477 338 3530 Bsds.
626 3485 679 3527 tres
695 3491 812 3537 menses,
823 3475 991 3528 maturescit:
1002 3477 1141 3548 bimestre,

121 3563 164 3620 st.
177 3557 269 3611 Gallia
280 3569 306 3609 et
316 3557 451 3626 Hispanias.
466 3553 583 3627 Zytbum
626 3551 699 3625 quod
710 3555 781 3607 intra
793 3552 882 3606 binos.
896 3554 937 3608 De
950 3554 1139 3632 bisTbeophr,

86 3647 109 3686 et
119 3637 202 3690 Gurmi
213 3636 346 3708 intelligit.
355 3637 422 3689 Du..
626 3632 679 3686 loe.
693 3633 739 3687 eit.
755 3632 807 3686 nst
818 3634 847 3687 si
862 3639 912 3686 rr'ss
927 3635 1047 3706 τριμήνων
1058 3640 1102 3696 καὶ
1111 3645 1141 3696 ft

122 3717 162 3769 ab.
172 3715 303 3770 Frumento
315 3719 340 3768 in
350 3727 442 3786 potum.
462 3714 554 3779 Quum
567 3732 583 3768 e
626 3719 675 3764 τῶν
689 3709 817 3783 derasisse,
831 3713 942 3766 mitiss
954 3716 1023 3784 γένος
1034 3719 1059 3771 ir
1070 3721 1142 3774 uste.

87 3793 180 3850 madida
199 3796 274 3868 fruge
298 3808 391 3868 parant
412 3795 464 3848 sibi
487 3805 583 3864 potus,
627 3811 695 3846 rasus
708 3795 812 3864 iniussu
826 3794 1139 3861 uhssirsdsimestre,

87 3875 181 3941 zythum
194 3877 308 3940 scilicet,
334 3873 417 3928 Gallis
437 3875 515 3938 hidre,
536 3873 585 3926 Hi·
626 3871 739 3944 siliginis
747 3889 830 3943 gsnus
839 3888 896 3924 esse
905 3869 986 3927 dooet
999 3876 1141 3936 Columeli.

87 3957 162 4022 srunis
171 3977 274 4009 semesa.
291 3958 384 4009 Esau.
628 3952 675 4006 lib.
686 3953 729 4016 11,
741 3970 802 4024 esp.
816 3954 833 4006 6
849 3949 885 4004 de
900 3950 1051 4009 Generibm
1061 3960 1141 4014 sesni·

123 4039 162 4088 sd.
175 4037 266 4104 Quibus
277 4036 390 4088 dirimas.
398 4033 445 4088 Tri
450 4033 501 4088 tito
511 4049 584 4087 nem·
628 4049 704 4085 num.
719 4032 811 4085 Htw.

88 4129 115 4182 pt
124 4113 251 4172 Rslearioo
258 4155 267 4184 ,
280 4117 310 4170 in
321 4113 471 4187 Hispaniis:
482 4114 509 4166 in
520 4113 584 4166 Gul-
672 4131 686 4165 a
691 4131 718 4182 9.
737 4111 912 4167 llsiralasssrss.
932 4111 1050 4168 Unicum
1069 4133 1085 4171 e
1097 4137 1140 4171 ra·
