<?xml version="1.0" encoding="UTF-8"?>
<!DOCTYPE html PUBLIC "-//W3C//DTD XHTML 1.0 Transitional//EN"
    "http://www.w3.org/TR/xhtml1/DTD/xhtml1-transitional.dtd">
<html xmlns="http://www.w3.org/1999/xhtml" xml:lang="en" lang="en">
 <head>
  <title>
</title>
<meta http-equiv="Content-Type" content="text/html;charset=utf-8" />
  <meta name='ocr-system' content='tesseract 3.04.00' />
  <meta name='ocr-capabilities' content='ocr_page ocr_carea ocr_par ocr_line ocrx_word'/>
</head>
<body>
  <div class='ocr_page' id='page_1' title='image "./caiipliniisecun02unkngoog_0564.png"; bbox 0 0 2925 5009; ppageno 0'>
   <div class='ocr_carea' id='block_1_1' title="bbox 510 473 1180 574">
    <p class='ocr_par' dir='ltr' id='par_1_1' title="bbox 510 473 1180 574">
     <span class='ocr_line' id='line_1_1' title="bbox 510 473 1180 574; baseline 0 -26"><span class='ocrx_word' id='word_1_1' title='bbox 510 475 669 560; x_wconf 78' lang='lat' dir='ltr'>iruna</span> <span class='ocrx_word' id='word_1_2' title='bbox 693 481 777 550; x_wconf 85' lang='lat' dir='ltr'>xx.</span> <span class='ocrx_word' id='word_1_3' title='bbox 1110 473 1180 574; x_wconf 75' lang='lat'>549</span> 
     </span>
    </p>
   </div>
   <div class='ocr_carea' id='block_1_2' title="bbox 100 604 1212 2086">
    <p class='ocr_par' dir='ltr' id='par_1_2' title="bbox 100 604 1180 1134">
     <span class='ocr_line' id='line_1_2' title="bbox 102 604 1180 708; baseline 0.008 -37"><span class='ocrx_word' id='word_1_4' title='bbox 102 605 188 674; x_wconf 80' lang='lat' dir='ltr'>vino</span> <span class='ocrx_word' id='word_1_5' title='bbox 201 604 282 679; x_wconf 91' lang='lat' dir='ltr'>albo</span> <span class='ocrx_word' id='word_1_6' title='bbox 296 623 395 702; x_wconf 85' lang='lat' dir='ltr'>pota,</span> <span class='ocrx_word' id='word_1_7' title='bbox 413 609 558 682; x_wconf 86' lang='lat' dir='ltr'>calculos</span> <span class='ocrx_word' id='word_1_8' title='bbox 575 639 709 708; x_wconf 86' lang='lat' dir='ltr'>qnoque</span> <span class='ocrx_word' id='word_1_9' title='bbox 724 611 896 698; x_wconf 80' lang='lat' dir='ltr'>exturbat,</span> <span class='ocrx_word' id='word_1_10' title='bbox 912 611 1101 680; x_wconf 89' lang='lat' dir='ltr'>lumborum</span> <span class='ocrx_word' id='word_1_11' title='bbox 1111 609 1135 634; x_wconf 88' lang='lat'>¹⁰</span> <span class='ocrx_word' id='word_1_12' title='bbox 1147 627 1180 680; x_wconf 88' lang='lat' dir='ltr'>et</span> 
     </span>
     <span class='ocr_line' id='line_1_3' title="bbox 101 713 1180 809; baseline 0.006 -31"><span class='ocrx_word' id='word_1_13' title='bbox 101 735 227 782; x_wconf 89' lang='lat' dir='ltr'>renum</span> <span class='ocrx_word' id='word_1_14' title='bbox 242 713 376 785; x_wconf 80' lang='lat' dir='ltr'>dolores</span> <span class='ocrx_word' id='word_1_15' title='bbox 390 716 495 786; x_wconf 86' lang='lat' dir='ltr'>sedat.</span> <span class='ocrx_word' id='word_1_16' title='bbox 515 718 692 809; x_wconf 86' lang='lat' dir='ltr'>Quidam&#39;¹</span> <span class='ocrx_word' id='word_1_17' title='bbox 712 733 747 790; x_wconf 89' lang='lat' dir='ltr'>et</span> <span class='ocrx_word' id='word_1_18' title='bbox 765 719 807 788; x_wconf 85' lang='lat' dir='ltr'>ad</span> <span class='ocrx_word' id='word_1_19' title='bbox 825 717 933 788; x_wconf 70' lang='lat' dir='ltr'>vulvas</span> <span class='ocrx_word' id='word_1_20' title='bbox 953 716 1102 788; x_wconf 85' lang='lat' dir='ltr'>dolorem</span> <span class='ocrx_word' id='word_1_21' title='bbox 1123 740 1180 785; x_wconf 87' lang='lat' dir='ltr'>ra·</span> 
     </span>
     <span class='ocr_line' id='line_1_4' title="bbox 100 816 1179 920; baseline 0.006 -34"><span class='ocrx_word' id='word_1_22' title='bbox 100 816 216 888; x_wconf 84' lang='lat' dir='ltr'>dicem</span> <span class='ocrx_word' id='word_1_23' title='bbox 242 845 320 890; x_wconf 89' lang='lat' dir='ltr'>cum</span> <span class='ocrx_word' id='word_1_24' title='bbox 346 823 425 892; x_wconf 89' lang='lat' dir='ltr'>vino</span> <span class='ocrx_word' id='word_1_25' title='bbox 447 822 536 894; x_wconf 89' lang='lat' dir='ltr'>dulci</span> <span class='ocrx_word' id='word_1_26' title='bbox 559 827 749 920; x_wconf 87' lang='lat' dir='ltr'>propinant.</span> <span class='ocrx_word' id='word_1_27' title='bbox 773 821 929 896; x_wconf 84' lang='lat' dir='ltr'>Eadem¹²</span> <span class='ocrx_word' id='word_1_28' title='bbox 950 824 986 892; x_wconf 91' lang='lat' dir='ltr'>in</span> <span class='ocrx_word' id='word_1_29' title='bbox 1006 837 1102 895; x_wconf 86' lang='lat' dir='ltr'>aceto</span> <span class='ocrx_word' id='word_1_30' title='bbox 1119 821 1179 892; x_wconf 89' lang='lat' dir='ltr'>dc·</span> 
     </span>
     <span class='ocr_line' id='line_1_5' title="bbox 100 926 1180 1027; baseline 0.005 -34"><span class='ocrx_word' id='word_1_31' title='bbox 100 939 205 993; x_wconf 87' lang='lat' dir='ltr'>cocta</span> <span class='ocrx_word' id='word_1_32' title='bbox 223 941 344 996; x_wconf 78' lang='lat' dir='ltr'>contm</span> <span class='ocrx_word' id='word_1_33' title='bbox 358 927 598 1024; x_wconf 80' lang='lat' dir='ltr'>elephantiasin</span> <span class='ocrx_word' id='word_1_34' title='bbox 611 932 753 1027; x_wconf 86' lang='lat' dir='ltr'>proficit.</span> <span class='ocrx_word' id='word_1_35' title='bbox 766 935 937 1026; x_wconf 79' lang='lat' dir='ltr'>Asparago</span> <span class='ocrx_word' id='word_1_36' title='bbox 955 929 1035 1000; x_wconf 78' lang='lat' dir='ltr'>trito</span> <span class='ocrx_word' id='word_1_37' title='bbox 1050 951 1091 1010; x_wconf 71' lang='lat' dir='ltr'>es</span> <span class='ocrx_word' id='word_1_38' title='bbox 1106 926 1180 998; x_wconf 89' lang='lat' dir='ltr'>oleo</span> 
     </span>
     <span class='ocr_line' id='line_1_6' title="bbox 101 1036 777 1134; baseline 0.007 -36"><span class='ocrx_word' id='word_1_39' title='bbox 101 1046 310 1124; x_wconf 85' lang='lat' dir='ltr'>perunctum</span> <span class='ocrx_word' id='word_1_40' title='bbox 327 1036 431 1129; x_wconf 87' lang='lat' dir='ltr'>pungi</span> <span class='ocrx_word' id='word_1_41' title='bbox 448 1037 492 1106; x_wconf 91' lang='lat' dir='ltr'>ab</span> <span class='ocrx_word' id='word_1_42' title='bbox 508 1037 626 1132; x_wconf 85' lang='lat' dir='ltr'>apibus</span> <span class='ocrx_word' id='word_1_43' title='bbox 644 1052 777 1134; x_wconf 85' lang='lat' dir='ltr'>negant.</span> 
     </span>
    </p>

    <p class='ocr_par' dir='ltr' id='par_1_3' title="bbox 101 1137 1212 2086">
     <span class='ocr_line' id='line_1_7' title="bbox 156 1137 1212 1239; baseline -0.001 -32"><span class='ocrx_word' id='word_1_44' title='bbox 156 1139 292 1207; x_wconf 83' lang='lat' dir='ltr'>XLllI.</span> <span class='ocrx_word' id='word_1_45' title='bbox 308 1139 497 1212; x_wconf 77' lang='lat' dir='ltr'>silvestrem</span> <span class='ocrx_word' id='word_1_46' title='bbox 514 1167 713 1239; x_wconf 78' lang='lat' dir='ltr'><strong>asparagum</strong></span> <span class='ocrx_word' id='word_1_47' title='bbox 726 1142 828 1237; x_wconf 83' lang='lat' dir='ltr'>aliqui</span> <span class='ocrx_word' id='word_1_48' title='bbox 848 1137 1030 1236; x_wconf 81' lang='lat' dir='ltr'>Libycnm¹</span> <span class='ocrx_word' id='word_1_49' title='bbox 1046 1153 1178 1210; x_wconf 81' lang='lat' dir='ltr'>vocant.</span> <span class='ocrx_word' id='word_1_50' title='bbox 1200 1171 1212 1206; x_wconf 84' lang='grc' dir='ltr'><strong>ι</strong></span> 
     </span>
     <span class='ocr_line' id='line_1_8' title="bbox 102 1235 1181 1346; baseline 0.003 -35"><span class='ocrx_word' id='word_1_51' title='bbox 102 1242 226 1312; x_wconf 73' lang='lat' dir='ltr'>Attici²</span> <span class='ocrx_word' id='word_1_52' title='bbox 241 1243 452 1318; x_wconf 88' lang='lat' dir='ltr'>hormenum.</span> <span class='ocrx_word' id='word_1_53' title='bbox 467 1235 596 1344; x_wconf 83' lang='lat' dir='ltr'>Hujus³</span> <span class='ocrx_word' id='word_1_54' title='bbox 613 1250 656 1321; x_wconf 86' lang='lat' dir='ltr'>ad</span> <span class='ocrx_word' id='word_1_55' title='bbox 669 1249 872 1346; x_wconf 86' lang='lat' dir='ltr'>supradicta</span> <span class='ocrx_word' id='word_1_56' title='bbox 886 1249 998 1317; x_wconf 88' lang='lat' dir='ltr'>omnia</span> <span class='ocrx_word' id='word_1_57' title='bbox 1012 1245 1181 1316; x_wconf 85' lang='lat' dir='ltr'>efficacior</span> 
     </span>
     <span class='ocr_line' id='line_1_9' title="bbox 103 1340 1180 1450; baseline 0.004 -34"><span class='ocrx_word' id='word_1_58' title='bbox 103 1349 174 1435; x_wconf 86' lang='lat' dir='ltr'>vis,</span> <span class='ocrx_word' id='word_1_59' title='bbox 190 1365 228 1420; x_wconf 91' lang='lat' dir='ltr'>et</span> <span class='ocrx_word' id='word_1_60' title='bbox 244 1340 442 1422; x_wconf 69' lang='lat' dir='ltr'>candidiori⁴</span> <span class='ocrx_word' id='word_1_61' title='bbox 458 1357 575 1450; x_wconf 83' lang='lat' dir='ltr'>major.</span> <span class='ocrx_word' id='word_1_62' title='bbox 590 1341 753 1450; x_wconf 84' lang='lat' dir='ltr'>Regium⁵</span> <span class='ocrx_word' id='word_1_63' title='bbox 766 1353 920 1425; x_wconf 86' lang='lat' dir='ltr'>morbum</span> <span class='ocrx_word' id='word_1_64' title='bbox 939 1365 1103 1422; x_wconf 81' lang='lat' dir='ltr'><strong>extenuat.</strong></span> <span class='ocrx_word' id='word_1_65' title='bbox 1119 1354 1180 1420; x_wconf 83' lang='lat' dir='ltr'>Ve-</span> 
     </span>
     <span class='ocr_line' id='line_1_10' title="bbox 101 1456 1180 1554; baseline 0.001 -31"><span class='ocrx_word' id='word_1_66' title='bbox 101 1456 197 1524; x_wconf 86' lang='lat' dir='ltr'>neris</span> <span class='ocrx_word' id='word_1_67' title='bbox 211 1479 314 1527; x_wconf 89' lang='lat' dir='ltr'>causa</span> <span class='ocrx_word' id='word_1_68' title='bbox 329 1481 450 1554; x_wconf 89' lang='lat' dir='ltr'>aquam</span> <span class='ocrx_word' id='word_1_69' title='bbox 468 1486 585 1531; x_wconf 90' lang='lat' dir='ltr'>eorum</span> <span class='ocrx_word' id='word_1_70' title='bbox 606 1463 778 1532; x_wconf 81' lang='lat' dir='ltr'>decoctam</span> <span class='ocrx_word' id='word_1_71' title='bbox 798 1460 864 1530; x_wconf 89' lang='lat' dir='ltr'>bibi</span> <span class='ocrx_word' id='word_1_72' title='bbox 883 1459 1002 1553; x_wconf 89' lang='lat' dir='ltr'>jubent</span> <span class='ocrx_word' id='word_1_73' title='bbox 1022 1457 1064 1526; x_wconf 88' lang='lat' dir='ltr'>ad</span> <span class='ocrx_word' id='word_1_74' title='bbox 1079 1457 1180 1526; x_wconf 88' lang='lat' dir='ltr'>hemi·</span> 
     </span>
     <span class='ocr_line' id='line_1_11' title="bbox 102 1562 1179 1657; baseline 0.002 -29"><span class='ocrx_word' id='word_1_75' title='bbox 102 1583 195 1630; x_wconf 88' lang='lat' dir='ltr'>nam.</span> <span class='ocrx_word' id='word_1_76' title='bbox 212 1562 264 1632; x_wconf 79' lang='lat' dir='ltr'>td</span> <span class='ocrx_word' id='word_1_77' title='bbox 280 1563 366 1632; x_wconf 88' lang='lat' dir='ltr'>idem</span> <span class='ocrx_word' id='word_1_78' title='bbox 380 1579 413 1634; x_wconf 90' lang='lat' dir='ltr'>et</span> <span class='ocrx_word' id='word_1_79' title='bbox 422 1589 536 1637; x_wconf 87' lang='lat' dir='ltr'>semen</span> <span class='ocrx_word' id='word_1_80' title='bbox 546 1565 635 1639; x_wconf 87' lang='lat' dir='ltr'>valet</span> <span class='ocrx_word' id='word_1_81' title='bbox 646 1593 723 1638; x_wconf 93' lang='lat' dir='ltr'>cum</span> <span class='ocrx_word' id='word_1_82' title='bbox 739 1566 877 1652; x_wconf 77' lang='lat' dir='ltr'>anetho,</span> <span class='ocrx_word' id='word_1_83' title='bbox 892 1567 993 1634; x_wconf 87' lang='lat' dir='ltr'>ternis</span> <span class='ocrx_word' id='word_1_84' title='bbox 1007 1565 1179 1657; x_wconf 81' lang='lat' dir='ltr'>utriusque</span> 
     </span>
     <span class='ocr_line' id='line_1_12' title="bbox 101 1664 1212 1768; baseline 0.001 -34"><span class='ocrx_word' id='word_1_85' title='bbox 101 1664 227 1737; x_wconf 83' lang='lat' dir='ltr'><strong>obolis.</strong></span> <span class='ocrx_word' id='word_1_86' title='bbox 243 1669 353 1739; x_wconf 86' lang='lat' dir='ltr'>Datur</span> <span class='ocrx_word' id='word_1_87' title='bbox 368 1672 461 1740; x_wconf 86' lang='lat' dir='ltr'>etad</span> <span class='ocrx_word' id='word_1_88' title='bbox 480 1676 685 1768; x_wconf 78' lang='lat' dir='ltr'>serpentium</span> <span class='ocrx_word' id='word_1_89' title='bbox 699 1674 784 1744; x_wconf 92' lang='lat' dir='ltr'>ictus</span> <span class='ocrx_word' id='word_1_90' title='bbox 800 1695 919 1742; x_wconf 89' lang='lat' dir='ltr'>succus</span> <span class='ocrx_word' id='word_1_91' title='bbox 934 1670 1102 1740; x_wconf 91' lang='lat' dir='ltr'>decoctus.</span> <span class='ocrx_word' id='word_1_92' title='bbox 1117 1671 1179 1736; x_wconf 82' lang='lat' dir='ltr'>lla·</span> <span class='ocrx_word' id='word_1_93' title='bbox 1199 1699 1212 1736; x_wconf 82' lang='lat' dir='ltr'>s</span> 
     </span>
     <span class='ocr_line' id='line_1_13' title="bbox 101 1771 1170 1850; baseline 0.002 -9"><span class='ocrx_word' id='word_1_94' title='bbox 101 1771 163 1842; x_wconf 81' lang='lat' dir='ltr'>dix</span> <span class='ocrx_word' id='word_1_95' title='bbox 181 1775 340 1844; x_wconf 88' lang='lat' dir='ltr'>miscetur</span> <span class='ocrx_word' id='word_1_96' title='bbox 352 1775 455 1849; x_wconf 88' lang='lat' dir='ltr'>radici</span> <span class='ocrx_word' id='word_1_97' title='bbox 468 1779 627 1848; x_wconf 78' lang='lat' dir='ltr'>marathri</span> <span class='ocrx_word' id='word_1_98' title='bbox 642 1780 730 1850; x_wconf 87' lang='lat' dir='ltr'>inter</span> <span class='ocrx_word' id='word_1_99' title='bbox 745 1779 974 1848; x_wconf 86' lang='lat' dir='ltr'>efficacissima</span> <span class='ocrx_word' id='word_1_100' title='bbox 990 1773 1118 1846; x_wconf 86' lang='lat' dir='ltr'>auxilia.</span> <span class='ocrx_word' id='word_1_101' title='bbox 1136 1775 1170 1843; x_wconf 92' lang='lat' dir='ltr'>Si</span> 
     </span>
     <span class='ocr_line' id='line_1_14' title="bbox 101 1880 1180 1979; baseline 0.007 -34"><span class='ocrx_word' id='word_1_102' title='bbox 101 1880 244 1974; x_wconf 70' lang='lat' dir='ltr'>mugitis</span> <span class='ocrx_word' id='word_1_103' title='bbox 255 1905 316 1976; x_wconf 87' lang='lat' dir='ltr'>per</span> <span class='ocrx_word' id='word_1_104' title='bbox 328 1885 458 1953; x_wconf 90' lang='lat' dir='ltr'>urinam</span> <span class='ocrx_word' id='word_1_105' title='bbox 475 1884 654 1972; x_wconf 84' lang='lat' dir='ltr'>reddatur,</span> <span class='ocrx_word' id='word_1_106' title='bbox 674 1909 786 1955; x_wconf 88' lang='lat' dir='ltr'>semen</span> <span class='ocrx_word' id='word_1_107' title='bbox 806 1883 979 1979; x_wconf 82' lang='lat' dir='ltr'>asparagi,</span> <span class='ocrx_word' id='word_1_108' title='bbox 997 1897 1031 1950; x_wconf 88' lang='lat' dir='ltr'>et</span> <span class='ocrx_word' id='word_1_109' title='bbox 1050 1881 1133 1975; x_wconf 86' lang='lat' dir='ltr'>apii,</span> <span class='ocrx_word' id='word_1_110' title='bbox 1146 1895 1180 1948; x_wconf 77' lang='lat' dir='ltr'>el</span> 
     </span>
     <span class='ocr_line' id='line_1_15' title="bbox 102 1986 1179 2086; baseline 0.002 -34"><span class='ocrx_word' id='word_1_111' title='bbox 102 1986 233 2054; x_wconf 90' lang='lat' dir='ltr'>cumini</span> <span class='ocrx_word' id='word_1_112' title='bbox 247 1991 350 2058; x_wconf 91' lang='lat' dir='ltr'>ternis</span> <span class='ocrx_word' id='word_1_113' title='bbox 366 1989 472 2059; x_wconf 82' lang='lat' dir='ltr'>obolis</span> <span class='ocrx_word' id='word_1_114' title='bbox 486 1991 521 2060; x_wconf 90' lang='lat' dir='ltr'>in</span> <span class='ocrx_word' id='word_1_115' title='bbox 537 1992 606 2060; x_wconf 91' lang='lat' dir='ltr'>vini</span> <span class='ocrx_word' id='word_1_116' title='bbox 620 1990 748 2086; x_wconf 85' lang='lat' dir='ltr'>cyathis</span> <span class='ocrx_word' id='word_1_117' title='bbox 762 1989 911 2074; x_wconf 89' lang='lat' dir='ltr'>duobus,</span> <span class='ocrx_word' id='word_1_118' title='bbox 922 1987 1030 2083; x_wconf 92' lang='lat' dir='ltr'>quinis</span> <span class='ocrx_word' id='word_1_119' title='bbox 1045 1986 1179 2069; x_wconf 88' lang='lat' dir='ltr'>diebus,</span> 
     </span>
    </p>
   </div>
   <div class='ocr_carea' id='block_1_3' title="bbox 103 2091 1179 2192">
    <p class='ocr_par' dir='ltr' id='par_1_4' title="bbox 103 2091 1179 2192">
     <span class='ocr_line' id='line_1_16' title="bbox 103 2091 1179 2192; baseline 0 -32"><span class='ocrx_word' id='word_1_120' title='bbox 103 2091 318 2187; x_wconf 68' lang='lat' dir='ltr'>Chrysippus</span> <span class='ocrx_word' id='word_1_121' title='bbox 332 2093 405 2164; x_wconf 88' lang='lat' dir='ltr'>dari</span> <span class='ocrx_word' id='word_1_122' title='bbox 419 2095 525 2188; x_wconf 76' lang='lat' dir='ltr'>jubet</span> <span class='ocrx_word' id='word_1_123' title='bbox 544 2099 600 2167; x_wconf 88' lang='lat' dir='ltr'>Sic</span> <span class='ocrx_word' id='word_1_124' title='bbox 611 2113 646 2167; x_wconf 86' lang='lat' dir='ltr'>et</span> <span class='ocrx_word' id='word_1_125' title='bbox 662 2096 853 2192; x_wconf 90' lang='lat' dir='ltr'>hydropicis</span> <span class='ocrx_word' id='word_1_126' title='bbox 866 2094 1071 2164; x_wconf 84' lang='lat' dir='ltr'>contrarium</span> <span class='ocrx_word' id='word_1_127' title='bbox 1088 2115 1179 2176; x_wconf 83' lang='lat' dir='ltr'>esse,</span> 
     </span>
    </p>
   </div>
   <div class='ocr_carea' id='block_1_4' title="bbox 104 2337 1179 4162">
    <p class='ocr_par' dir='ltr' id='par_1_5' title="bbox 104 2337 1177 3684">
     <span class='ocr_line' id='line_1_17' title="bbox 104 2337 1175 2415; baseline -0.003 -23"><span class='ocrx_word' id='word_1_128' title='bbox 104 2337 212 2410; x_wconf 81' lang='lat' dir='ltr'>Empir.</span> <span class='ocrx_word' id='word_1_129' title='bbox 224 2357 281 2412; x_wconf 88' lang='lat' dir='ltr'>cap.</span> <span class='ocrx_word' id='word_1_130' title='bbox 297 2360 363 2405; x_wconf 76' lang='lat' dir='ltr'>aar,</span> <span class='ocrx_word' id='word_1_131' title='bbox 375 2356 402 2396; x_wconf 82' lang='lat' dir='ltr'>et</span> <span class='ocrx_word' id='word_1_132' title='bbox 414 2359 472 2414; x_wconf 83' lang='lat' dir='ltr'>cap.</span> <span class='ocrx_word' id='word_1_133' title='bbox 492 2361 566 2397; x_wconf 80' lang='lat' dir='ltr'>xxvi.</span> <span class='ocrx_word' id='word_1_134' title='bbox 584 2343 620 2397; x_wconf 85' lang='lat' dir='ltr'>ll.</span> <span class='ocrx_word' id='word_1_135' title='bbox 661 2361 755 2415; x_wconf 88' lang='lat' dir='ltr'>ragnm</span> <span class='ocrx_word' id='word_1_136' title='bbox 775 2354 904 2396; x_wconf 87' lang='lat' dir='ltr'>nostrum.</span> <span class='ocrx_word' id='word_1_137' title='bbox 918 2367 929 2388; x_wconf 80' lang='grc' dir='ltr'><strong>ι</strong></span> <span class='ocrx_word' id='word_1_138' title='bbox 949 2339 1076 2392; x_wconf 87' lang='lat' dir='ltr'>Nostrum</span> <span class='ocrx_word' id='word_1_139' title='bbox 1092 2356 1175 2408; x_wconf 89' lang='lat' dir='ltr'>quum</span> 
     </span>
     <span class='ocr_line' id='line_1_18' title="bbox 149 2417 1176 2492; baseline -0.004 -20"><span class='ocrx_word' id='word_1_140' title='bbox 149 2436 192 2472; x_wconf 89' lang='grc' dir='ltr'>ιο.</span> <span class='ocrx_word' id='word_1_141' title='bbox 204 2420 357 2474; x_wconf 66' lang='lat' dir='ltr'>bandorum.</span> <span class='ocrx_word' id='word_1_142' title='bbox 376 2422 495 2476; x_wconf 88' lang='lat' dir='ltr'>Dioseor.</span> <span class='ocrx_word' id='word_1_143' title='bbox 508 2423 560 2476; x_wconf 89' lang='lat' dir='ltr'>loc.</span> <span class='ocrx_word' id='word_1_144' title='bbox 574 2424 620 2477; x_wconf 89' lang='lat' dir='ltr'>cit.</span> <span class='ocrx_word' id='word_1_145' title='bbox 661 2422 741 2490; x_wconf 92' lang='lat' dir='ltr'>dicit,</span> <span class='ocrx_word' id='word_1_146' title='bbox 755 2423 904 2492; x_wconf 84' lang='lat' dir='ltr'>Libycum,</span> <span class='ocrx_word' id='word_1_147' title='bbox 917 2421 1029 2492; x_wconf 86' lang='lat' dir='ltr'>opinor,</span> <span class='ocrx_word' id='word_1_148' title='bbox 1045 2417 1176 2486; x_wconf 87' lang='lat' dir='ltr'>intelligit.</span> 
     </span>
     <span class='ocr_line' id='line_1_19' title="bbox 105 2495 1177 2573; baseline -0.003 -22"><span class='ocrx_word' id='word_1_149' title='bbox 105 2497 192 2552; x_wconf 77' lang='lat' dir='ltr'>Maro.</span> <span class='ocrx_word' id='word_1_150' title='bbox 206 2499 286 2571; x_wconf 81' lang='lat' dir='ltr'>Emp.</span> <span class='ocrx_word' id='word_1_151' title='bbox 300 2520 358 2573; x_wconf 90' lang='lat' dir='ltr'>cap.</span> <span class='ocrx_word' id='word_1_152' title='bbox 369 2519 440 2568; x_wconf 75' lang='lat' dir='ltr'>xxr3</span> <span class='ocrx_word' id='word_1_153' title='bbox 451 2502 518 2556; x_wconf 86' lang='lat' dir='ltr'>Plin.</span> <span class='ocrx_word' id='word_1_154' title='bbox 529 2503 620 2556; x_wconf 85' lang='lat' dir='ltr'>Valer.</span> <span class='ocrx_word' id='word_1_155' title='bbox 662 2502 723 2557; x_wconf 80' lang='lat' dir='ltr'>Fuit</span> <span class='ocrx_word' id='word_1_156' title='bbox 736 2502 808 2556; x_wconf 91' lang='lat' dir='ltr'>enim</span> <span class='ocrx_word' id='word_1_157' title='bbox 819 2500 881 2553; x_wconf 73' lang='lat' dir='ltr'>iser</span> <span class='ocrx_word' id='word_1_158' title='bbox 893 2499 996 2564; x_wconf 79' lang='lat' dir='ltr'>Africa,</span> <span class='ocrx_word' id='word_1_159' title='bbox 1008 2495 1110 2570; x_wconf 88' lang='lat' dir='ltr'>oppido</span> <span class='ocrx_word' id='word_1_160' title='bbox 1122 2495 1177 2549; x_wconf 66' lang='lat' dir='ltr'>tis</span> 
     </span>
     <span class='ocr_line' id='line_1_20' title="bbox 104 2577 860 2654; baseline 0.003 -25"><span class='ocrx_word' id='word_1_161' title='bbox 104 2577 154 2630; x_wconf 92' lang='lat' dir='ltr'>lib.</span> <span class='ocrx_word' id='word_1_162' title='bbox 167 2577 212 2643; x_wconf 91' lang='lat'>11,</span> <span class='ocrx_word' id='word_1_163' title='bbox 224 2597 283 2651; x_wconf 83' lang='lat' dir='ltr'>esp.</span> <span class='ocrx_word' id='word_1_164' title='bbox 299 2578 354 2644; x_wconf 88' lang='grc'>36,</span> <span class='ocrx_word' id='word_1_165' title='bbox 370 2581 419 2636; x_wconf 90' lang='lat' dir='ltr'>lib.</span> <span class='ocrx_word' id='word_1_166' title='bbox 430 2583 480 2647; x_wconf 87' lang='lat' dir='ltr'>IV,</span> <span class='ocrx_word' id='word_1_167' title='bbox 494 2600 553 2654; x_wconf 82' lang='lat' dir='ltr'>cap.</span> <span class='ocrx_word' id='word_1_168' title='bbox 568 2581 620 2648; x_wconf 75' lang='lat'>303</span> <span class='ocrx_word' id='word_1_169' title='bbox 662 2579 754 2635; x_wconf 85' lang='lat' dir='ltr'>daura.</span> <span class='ocrx_word' id='word_1_170' title='bbox 766 2581 860 2633; x_wconf 77' lang='lat' dir='ltr'>liano.</span> 
     </span>
     <span class='ocr_line' id='line_1_21' title="bbox 106 2654 1174 2729; baseline -0.002 -21"><span class='ocrx_word' id='word_1_171' title='bbox 106 2657 251 2728; x_wconf 75' lang='lat' dir='ltr'>Apuleius,</span> <span class='ocrx_word' id='word_1_172' title='bbox 263 2676 321 2728; x_wconf 86' lang='lat' dir='ltr'>cap.</span> <span class='ocrx_word' id='word_1_173' title='bbox 336 2679 453 2724; x_wconf 76' lang='lat' dir='ltr'>saxam,</span> <span class='ocrx_word' id='word_1_174' title='bbox 465 2661 505 2714; x_wconf 88' lang='lat' dir='ltr'>tit.</span> <span class='ocrx_word' id='word_1_175' title='bbox 524 2667 551 2725; x_wconf 77' lang='grc'>4.</span> <span class='ocrx_word' id='word_1_176' title='bbox 564 2661 599 2714; x_wconf 86' lang='grc' dir='ltr'>Η.</span> <span class='ocrx_word' id='word_1_177' title='bbox 704 2681 730 2716; x_wconf 82' lang='grc' dir='ltr'>ι,</span> <span class='ocrx_word' id='word_1_178' title='bbox 741 2662 828 2714; x_wconf 82' lang='lat' dir='ltr'>Attici.</span> <span class='ocrx_word' id='word_1_179' title='bbox 838 2657 910 2711; x_wconf 83' lang='lat' dir='ltr'>Vide</span> <span class='ocrx_word' id='word_1_180' title='bbox 919 2675 980 2729; x_wconf 81' lang='lat' dir='ltr'>quae</span> <span class='ocrx_word' id='word_1_181' title='bbox 991 2654 1174 2724; x_wconf 83' lang='lat' dir='ltr'>diximnssup.</span> 
     </span>
     <span class='ocr_line' id='line_1_22' title="bbox 152 2735 1176 2808; baseline -0.003 -19"><span class='ocrx_word' id='word_1_182' title='bbox 152 2753 197 2794; x_wconf 87' lang='grc' dir='ltr'>ιι.</span> <span class='ocrx_word' id='word_1_183' title='bbox 216 2739 332 2806; x_wconf 78' lang='lat' dir='ltr'>Quidam.</span> <span class='ocrx_word' id='word_1_184' title='bbox 352 2740 424 2793; x_wconf 89' lang='lat' dir='ltr'>Plin.</span> <span class='ocrx_word' id='word_1_185' title='bbox 435 2741 497 2794; x_wconf 72' lang='lat' dir='ltr'>vil.</span> <span class='ocrx_word' id='word_1_186' title='bbox 509 2740 557 2794; x_wconf 90' lang='lat' dir='ltr'>lib.</span> <span class='ocrx_word' id='word_1_187' title='bbox 569 2741 620 2808; x_wconf 82' lang='lat' dir='ltr'>lv,</span> <span class='ocrx_word' id='word_1_188' title='bbox 661 2739 710 2794; x_wconf 91' lang='lat' dir='ltr'>lih.</span> <span class='ocrx_word' id='word_1_189' title='bbox 722 2758 746 2793; x_wconf 91' lang='lat' dir='ltr'>c.</span> <span class='ocrx_word' id='word_1_190' title='bbox 758 2745 804 2804; x_wconf 62' lang='lat' dir='ltr'>Aa.</span> <span class='ocrx_word' id='word_1_191' title='bbox 822 2737 1054 2790; x_wconf 68' lang='lat' dir='ltr'>lb-Hormenum.</span> <span class='ocrx_word' id='word_1_192' title='bbox 1066 2735 1176 2788; x_wconf 87' lang='lat' dir='ltr'>llorme·</span> 
     </span>
     <span class='ocr_line' id='line_1_23' title="bbox 104 2813 1175 2889; baseline -0.007 -18"><span class='ocrx_word' id='word_1_193' title='bbox 104 2836 168 2888; x_wconf 85' lang='lat' dir='ltr'>cap.</span> <span class='ocrx_word' id='word_1_194' title='bbox 179 2816 226 2870; x_wconf 88' lang='grc' dir='ltr'>3ο.</span> <span class='ocrx_word' id='word_1_195' title='bbox 237 2817 329 2872; x_wconf 69' lang='lat' dir='ltr'>nisa.</span> <span class='ocrx_word' id='word_1_196' title='bbox 661 2837 729 2872; x_wconf 85' lang='lat' dir='ltr'>nom</span> <span class='ocrx_word' id='word_1_197' title='bbox 743 2818 871 2889; x_wconf 68' lang='lat' dir='ltr'>cpperiar,</span> <span class='ocrx_word' id='word_1_198' title='bbox 884 2816 935 2869; x_wconf 72' lang='grc' dir='ltr'>ἀπὸ</span> <span class='ocrx_word' id='word_1_199' title='bbox 949 2819 990 2868; x_wconf 80' lang='grc' dir='ltr'>τοῦ</span> <span class='ocrx_word' id='word_1_200' title='bbox 1005 2817 1095 2885; x_wconf 69' lang='grc' dir='ltr'>ὀρμᾴν,</span> <span class='ocrx_word' id='word_1_201' title='bbox 1112 2813 1175 2884; x_wconf 86' lang='lat' dir='ltr'>quia</span> 
     </span>
     <span class='ocr_line' id='line_1_24' title="bbox 151 2890 1174 2968; baseline -0.005 -18"><span class='ocrx_word' id='word_1_202' title='bbox 151 2914 196 2950; x_wconf 85' lang='grc' dir='ltr'>ιι.</span> <span class='ocrx_word' id='word_1_203' title='bbox 210 2897 306 2950; x_wconf 72' lang='lat' dir='ltr'>Eadm</span> <span class='ocrx_word' id='word_1_204' title='bbox 317 2900 342 2949; x_wconf 82' lang='lat' dir='ltr'>in</span> <span class='ocrx_word' id='word_1_205' title='bbox 350 2911 418 2951; x_wconf 76' lang='lat' dir='ltr'>coeto</span> <span class='ocrx_word' id='word_1_206' title='bbox 427 2898 526 2952; x_wconf 61' lang='lat' dir='ltr'>&amp;exta</span> <span class='ocrx_word' id='word_1_207' title='bbox 536 2912 621 2952; x_wconf 72' lang='lat' dir='ltr'>muln</span> <span class='ocrx_word' id='word_1_208' title='bbox 663 2899 796 2953; x_wconf 77' lang='lat' dir='ltr'>Venerem</span> <span class='ocrx_word' id='word_1_209' title='bbox 805 2897 911 2958; x_wconf 79' lang='lat' dir='ltr'>excitat,</span> <span class='ocrx_word' id='word_1_210' title='bbox 919 2890 1117 2968; x_wconf 68' lang='lat' dir='ltr'>ippodioiarsaa&#39;e</span> <span class='ocrx_word' id='word_1_211' title='bbox 1128 2894 1174 2952; x_wconf 68' lang='lat' dir='ltr'>les.</span> 
     </span>
     <span class='ocr_line' id='line_1_25' title="bbox 105 2971 1174 3047; baseline -0.005 -18"><span class='ocrx_word' id='word_1_212' title='bbox 105 2977 292 3046; x_wconf 70' lang='lat' dir='ltr'>ekpbvstimin.</span> <span class='ocrx_word' id='word_1_213' title='bbox 311 2978 383 3030; x_wconf 89' lang='lat' dir='ltr'>Plin.</span> <span class='ocrx_word' id='word_1_214' title='bbox 396 2978 488 3030; x_wconf 87' lang='lat' dir='ltr'>Valer.</span> <span class='ocrx_word' id='word_1_215' title='bbox 506 2979 558 3032; x_wconf 83' lang='lat' dir='ltr'>loe.</span> <span class='ocrx_word' id='word_1_216' title='bbox 573 2979 620 3034; x_wconf 84' lang='lat' dir='ltr'>eit.</span> <span class='ocrx_word' id='word_1_217' title='bbox 661 2977 733 3032; x_wconf 90' lang='lat' dir='ltr'>Vide</span> <span class='ocrx_word' id='word_1_218' title='bbox 741 2995 822 3047; x_wconf 85' lang='lat' dir='ltr'>supra</span> <span class='ocrx_word' id='word_1_219' title='bbox 831 2976 849 3028; x_wconf 93' lang='lat' dir='ltr'>l.</span> <span class='ocrx_word' id='word_1_220' title='bbox 859 2975 939 3039; x_wconf 82' lang='lat' dir='ltr'>XIX,</span> <span class='ocrx_word' id='word_1_221' title='bbox 955 2993 979 3028; x_wconf 89' lang='lat' dir='ltr'>c.</span> <span class='ocrx_word' id='word_1_222' title='bbox 990 2976 1023 3038; x_wconf 89' lang='lat'>8,</span> <span class='ocrx_word' id='word_1_223' title='bbox 1040 2984 1066 3026; x_wconf 88' lang='lat' dir='ltr'>et</span> <span class='ocrx_word' id='word_1_224' title='bbox 1078 2971 1174 3026; x_wconf 79' lang='lat' dir='ltr'>Athen.</span> 
     </span>
     <span class='ocr_line' id='line_1_26' title="bbox 107 3053 1175 3128; baseline -0.006 -19"><span class='ocrx_word' id='word_1_225' title='bbox 107 3056 231 3110; x_wconf 75' lang='lat' dir='ltr'>-conm</span> <span class='ocrx_word' id='word_1_226' title='bbox 243 3057 441 3128; x_wconf 75' lang='lat' dir='ltr'>elephantiasim</span> <span class='ocrx_word' id='word_1_227' title='bbox 456 3057 549 3113; x_wconf 79' lang='lat' dir='ltr'>efficax</span> <span class='ocrx_word' id='word_1_228' title='bbox 561 3076 620 3112; x_wconf 90' lang='lat' dir='ltr'>cre·</span> <span class='ocrx_word' id='word_1_229' title='bbox 662 3057 709 3111; x_wconf 88' lang='lat' dir='ltr'>lib.</span> <span class='ocrx_word' id='word_1_230' title='bbox 723 3058 753 3112; x_wconf 88' lang='grc' dir='ltr'>ΙΙ</span> <span class='ocrx_word' id='word_1_231' title='bbox 767 3055 839 3127; x_wconf 84' lang='lat' dir='ltr'>apud</span> <span class='ocrx_word' id='word_1_232' title='bbox 850 3072 929 3126; x_wconf 86' lang='lat' dir='ltr'>quem</span> <span class='ocrx_word' id='word_1_233' title='bbox 942 3053 1070 3106; x_wconf 84' lang='lat' dir='ltr'>scribitur</span> <span class='ocrx_word' id='word_1_234' title='bbox 1080 3070 1175 3123; x_wconf 83' lang='lat' dir='ltr'>perpe·</span> 
     </span>
     <span class='ocr_line' id='line_1_27' title="bbox 105 3131 1176 3210; baseline -0.007 -22"><span class='ocrx_word' id='word_1_235' title='bbox 105 3133 189 3188; x_wconf 87' lang='lat' dir='ltr'>ditur.</span> <span class='ocrx_word' id='word_1_236' title='bbox 200 3161 212 3182; x_wconf 78' lang='grc' dir='ltr'><strong>ι</strong></span> <span class='ocrx_word' id='word_1_237' title='bbox 229 3135 347 3190; x_wconf 81' lang='lat' dir='ltr'>Marcell.</span> <span class='ocrx_word' id='word_1_238' title='bbox 362 3135 466 3207; x_wconf 78' lang='lat' dir='ltr'>Empir.</span> <span class='ocrx_word' id='word_1_239' title='bbox 485 3155 543 3210; x_wconf 85' lang='lat' dir='ltr'>cap.</span> <span class='ocrx_word' id='word_1_240' title='bbox 559 3155 619 3190; x_wconf 77' lang='lat' dir='ltr'>xrs:</span> <span class='ocrx_word' id='word_1_241' title='bbox 662 3149 710 3189; x_wconf 89' lang='lat' dir='ltr'>tuo</span> <span class='ocrx_word' id='word_1_242' title='bbox 721 3154 784 3190; x_wconf 84' lang='lat' dir='ltr'>cum</span> <span class='ocrx_word' id='word_1_243' title='bbox 796 3155 821 3200; x_wconf 85' lang='lat' dir='ltr'>a,</span> <span class='ocrx_word' id='word_1_244' title='bbox 834 3135 931 3204; x_wconf 76' lang='grc' dir='ltr'>ὄρμενος</span> <span class='ocrx_word' id='word_1_245' title='bbox 942 3145 969 3184; x_wconf 90' lang='lat' dir='ltr'>et</span> <span class='ocrx_word' id='word_1_246' title='bbox 978 3133 1095 3203; x_wconf 75' lang='lat' dir='ltr'>ipps&#39;um.</span> <span class='ocrx_word' id='word_1_247' title='bbox 1110 3131 1176 3182; x_wconf 87' lang='lat' dir='ltr'>Por·</span> 
     </span>
     <span class='ocr_line' id='line_1_28' title="bbox 110 3211 1175 3286; baseline -0.005 -20"><span class='ocrx_word' id='word_1_248' title='bbox 110 3243 122 3262; x_wconf 86' lang='lat'><strong>·</strong></span> <span class='ocrx_word' id='word_1_249' title='bbox 136 3213 224 3267; x_wconf 83' lang='lat' dir='ltr'>Radix</span> <span class='ocrx_word' id='word_1_250' title='bbox 234 3215 352 3286; x_wconf 86' lang='lat' dir='ltr'>asparagi</span> <span class='ocrx_word' id='word_1_251' title='bbox 366 3213 475 3270; x_wconf 81' lang='lat' dir='ltr'>decocta</span> <span class='ocrx_word' id='word_1_252' title='bbox 490 3216 519 3269; x_wconf 93' lang='lat' dir='ltr'>in</span> <span class='ocrx_word' id='word_1_253' title='bbox 532 3229 620 3282; x_wconf 86' lang='lat' dir='ltr'>aceto,</span> <span class='ocrx_word' id='word_1_254' title='bbox 661 3234 694 3268; x_wconf 92' lang='lat' dir='ltr'>ro</span> <span class='ocrx_word' id='word_1_255' title='bbox 706 3213 778 3285; x_wconf 89' lang='lat' dir='ltr'>apud</span> <span class='ocrx_word' id='word_1_256' title='bbox 793 3213 916 3268; x_wconf 79' lang='lat' dir='ltr'>Juvenal.</span> <span class='ocrx_word' id='word_1_257' title='bbox 936 3211 989 3265; x_wconf 86' lang='lat' dir='ltr'>Sat.</span> <span class='ocrx_word' id='word_1_258' title='bbox 1012 3231 1040 3281; x_wconf 89' lang='lat'>7,</span> <span class='ocrx_word' id='word_1_259' title='bbox 1056 3211 1175 3278; x_wconf 72' lang='lat' dir='ltr'>Afrorum</span> 
     </span>
     <span class='ocr_line' id='line_1_29' title="bbox 107 3289 1175 3366; baseline -0.006 -18"><span class='ocrx_word' id='word_1_260' title='bbox 107 3307 134 3348; x_wconf 93' lang='lat' dir='ltr'>et</span> <span class='ocrx_word' id='word_1_261' title='bbox 151 3295 341 3366; x_wconf 81' lang='lat' dir='ltr'>elephantiasis</span> <span class='ocrx_word' id='word_1_262' title='bbox 359 3293 552 3349; x_wconf 84' lang='lat' dir='ltr'>rationabiliter</span> <span class='ocrx_word' id='word_1_263' title='bbox 570 3295 621 3350; x_wconf 90' lang='lat' dir='ltr'>im·</span> <span class='ocrx_word' id='word_1_264' title='bbox 662 3296 784 3347; x_wconf 76' lang='lat' dir='ltr'>immania</span> <span class='ocrx_word' id='word_1_265' title='bbox 797 3289 940 3365; x_wconf 84' lang='lat' dir='ltr'>legendum</span> <span class='ocrx_word' id='word_1_266' title='bbox 959 3302 1013 3354; x_wconf 87' lang='lat' dir='ltr'>est,</span> <span class='ocrx_word' id='word_1_267' title='bbox 1033 3289 1082 3342; x_wconf 91' lang='lat' dir='ltr'>ubi</span> <span class='ocrx_word' id='word_1_268' title='bbox 1096 3291 1175 3359; x_wconf 84' lang='lat' dir='ltr'>vulgo</span> 
     </span>
     <span class='ocr_line' id='line_1_30' title="bbox 107 3369 1176 3447; baseline -0.006 -21"><span class='ocrx_word' id='word_1_269' title='bbox 107 3372 227 3446; x_wconf 77' lang='lat' dir='ltr'>ponibar.</span> <span class='ocrx_word' id='word_1_270' title='bbox 239 3400 251 3422; x_wconf 82' lang='grc' dir='ltr'><strong>ι</strong></span> <span class='ocrx_word' id='word_1_271' title='bbox 270 3374 412 3447; x_wconf 79' lang='lat' dir='ltr'>Apuleius,</span> <span class='ocrx_word' id='word_1_272' title='bbox 428 3393 486 3446; x_wconf 78' lang='lat' dir='ltr'>cap.</span> <span class='ocrx_word' id='word_1_273' title='bbox 505 3391 623 3441; x_wconf 73' lang='lat' dir='ltr'>cxxxiv,</span> <span class='ocrx_word' id='word_1_274' title='bbox 662 3375 794 3444; x_wconf 81' lang='lat' dir='ltr'>epimenia,</span> <span class='ocrx_word' id='word_1_275' title='bbox 805 3373 845 3425; x_wconf 87' lang='lat' dir='ltr'>vel</span> <span class='ocrx_word' id='word_1_276' title='bbox 854 3369 984 3442; x_wconf 78' lang='lat' dir='ltr'>epimendia</span> <span class='ocrx_word' id='word_1_277' title='bbox 992 3369 1096 3440; x_wconf 86' lang='lat' dir='ltr'>legitur.</span> <span class='ocrx_word' id='word_1_278' title='bbox 1107 3369 1176 3420; x_wconf 88' lang='lat' dir='ltr'>llor-</span> 
     </span>
     <span class='ocr_line' id='line_1_31' title="bbox 107 3445 1177 3525; baseline -0.007 -18"><span class='ocrx_word' id='word_1_279' title='bbox 107 3455 149 3508; x_wconf 83' lang='lat' dir='ltr'>tit.</span> <span class='ocrx_word' id='word_1_280' title='bbox 157 3453 174 3507; x_wconf 82' lang='grc'>3</span> <span class='ocrx_word' id='word_1_281' title='bbox 182 3453 220 3506; x_wconf 79' lang='lat' dir='ltr'>od</span> <span class='ocrx_word' id='word_1_282' title='bbox 225 3454 414 3524; x_wconf 76' lang='lat' dir='ltr'>elephantiacus:</span> <span class='ocrx_word' id='word_1_283' title='bbox 424 3481 436 3502; x_wconf 83' lang='grc' dir='ltr'><strong>ι</strong></span> <span class='ocrx_word' id='word_1_284' title='bbox 444 3455 541 3507; x_wconf 75' lang='lat' dir='ltr'>Herbe</span> <span class='ocrx_word' id='word_1_285' title='bbox 549 3473 622 3525; x_wconf 77' lang='lat' dir='ltr'>uspe-</span> <span class='ocrx_word' id='word_1_286' title='bbox 663 3454 780 3506; x_wconf 90' lang='lat' dir='ltr'>menium</span> <span class='ocrx_word' id='word_1_287' title='bbox 788 3451 982 3505; x_wconf 78' lang='lat' dir='ltr'>Avenionenses</span> <span class='ocrx_word' id='word_1_288' title='bbox 993 3445 1075 3501; x_wconf 86' lang='lat' dir='ltr'>hodie</span> <span class='ocrx_word' id='word_1_289' title='bbox 1082 3459 1177 3500; x_wconf 89' lang='lat' dir='ltr'>vocant</span> 
     </span>
     <span class='ocr_line' id='line_1_32' title="bbox 107 3525 1175 3605; baseline -0.007 -19"><span class='ocrx_word' id='word_1_290' title='bbox 107 3534 164 3605; x_wconf 78' lang='lat' dir='ltr'>regi</span> <span class='ocrx_word' id='word_1_291' title='bbox 180 3532 257 3587; x_wconf 79' lang='lat' dir='ltr'>radia</span> <span class='ocrx_word' id='word_1_292' title='bbox 277 3547 351 3586; x_wconf 89' lang='lat' dir='ltr'>cocta</span> <span class='ocrx_word' id='word_1_293' title='bbox 370 3533 483 3588; x_wconf 80' lang='lat' dir='ltr'>curstrita</span> <span class='ocrx_word' id='word_1_294' title='bbox 499 3533 622 3604; x_wconf 87' lang='lat' dir='ltr'>impona·</span> <span class='ocrx_word' id='word_1_295' title='bbox 663 3533 832 3594; x_wconf 75' lang='lat' dir='ltr'>domibconin,</span> <span class='ocrx_word' id='word_1_296' title='bbox 855 3529 983 3582; x_wconf 82' lang='lat' dir='ltr'>vocabulo</span> <span class='ocrx_word' id='word_1_297' title='bbox 1002 3525 1036 3580; x_wconf 85' lang='lat' dir='ltr'>ad</span> <span class='ocrx_word' id='word_1_298' title='bbox 1059 3545 1175 3600; x_wconf 57' lang='lat' dir='ltr'>mecum</span> 
     </span>
     <span class='ocr_line' id='line_1_33' title="bbox 108 3607 1037 3684; baseline -0.006 -18"><span class='ocrx_word' id='word_1_299' title='bbox 108 3626 153 3667; x_wconf 88' lang='lat' dir='ltr'>tur</span> <span class='ocrx_word' id='word_1_300' title='bbox 165 3613 365 3684; x_wconf 77' lang='lat' dir='ltr'>elephantiaco,</span> <span class='ocrx_word' id='word_1_301' title='bbox 377 3613 566 3667; x_wconf 80' lang='lat' dir='ltr'>liberabitur.»</span> <span class='ocrx_word' id='word_1_302' title='bbox 583 3611 618 3666; x_wconf 83' lang='grc' dir='ltr'>Η.</span> <span class='ocrx_word' id='word_1_303' title='bbox 662 3631 762 3668; x_wconf 84' lang='lat' dir='ltr'>nomen</span> <span class='ocrx_word' id='word_1_304' title='bbox 776 3607 919 3664; x_wconf 80' lang='lat' dir='ltr'>alludente.</span> <span class='ocrx_word' id='word_1_305' title='bbox 932 3609 1037 3660; x_wconf 82' lang='lat' dir='ltr'>Danao.</span> 
     </span>
    </p>

    <p class='ocr_par' dir='ltr' id='par_1_6' title="bbox 108 3687 1179 4162">
     <span class='ocr_line' id='line_1_34' title="bbox 148 3687 1174 3762; baseline -0.011 -15"><span class='ocrx_word' id='word_1_306' title='bbox 148 3693 250 3747; x_wconf 80' lang='lat' dir='ltr'>XLIII.</span> <span class='ocrx_word' id='word_1_307' title='bbox 271 3711 296 3746; x_wconf 86' lang='lat'>1.</span> <span class='ocrx_word' id='word_1_308' title='bbox 315 3692 450 3746; x_wconf 70' lang='lat' dir='ltr'>Silvanum</span> <span class='ocrx_word' id='word_1_309' title='bbox 474 3711 620 3762; x_wconf 81' lang='lat' dir='ltr'>asparagum</span> <span class='ocrx_word' id='word_1_310' title='bbox 705 3691 732 3743; x_wconf 83' lang='lat'>3.</span> <span class='ocrx_word' id='word_1_311' title='bbox 757 3689 839 3760; x_wconf 85' lang='lat' dir='ltr'>Hujus</span> <span class='ocrx_word' id='word_1_312' title='bbox 864 3689 899 3739; x_wconf 84' lang='lat' dir='ltr'>ud</span> <span class='ocrx_word' id='word_1_313' title='bbox 918 3706 991 3756; x_wconf 83' lang='lat' dir='ltr'>supra</span> <span class='ocrx_word' id='word_1_314' title='bbox 1013 3687 1099 3745; x_wconf 81' lang='lat' dir='ltr'>dieto,</span> <span class='ocrx_word' id='word_1_315' title='bbox 1126 3699 1174 3736; x_wconf 86' lang='lat' dir='ltr'>etc.</span> 
     </span>
     <span class='ocr_line' id='line_1_35' title="bbox 108 3763 1097 3844; baseline -0.006 -20"><span class='ocrx_word' id='word_1_316' title='bbox 108 3774 186 3844; x_wconf 72' lang='lat' dir='ltr'>aliqui</span> <span class='ocrx_word' id='word_1_317' title='bbox 210 3773 325 3844; x_wconf 74' lang='lat' dir='ltr'>Libycam</span> <span class='ocrx_word' id='word_1_318' title='bbox 352 3785 449 3824; x_wconf 78' lang='lat' dir='ltr'>vocant.</span> <span class='ocrx_word' id='word_1_319' title='bbox 474 3772 621 3842; x_wconf 79' lang='lat' dir='ltr'>Apuleius,</span> <span class='ocrx_word' id='word_1_320' title='bbox 665 3770 827 3825; x_wconf 72' lang='lat' dir='ltr'>nubentib.</span> <span class='ocrx_word' id='word_1_321' title='bbox 848 3769 928 3836; x_wconf 85' lang='lat' dir='ltr'>11‚p.</span> <span class='ocrx_word' id='word_1_322' title='bbox 944 3763 1097 3819; x_wconf 62' lang='lat' dir='ltr'>ballam</span> 
     </span>
     <span class='ocr_line' id='line_1_36' title="bbox 108 3840 1177 3924; baseline -0.011 -20"><span class='ocrx_word' id='word_1_323' title='bbox 108 3871 165 3924; x_wconf 80' lang='lat' dir='ltr'>cap.</span> <span class='ocrx_word' id='word_1_324' title='bbox 181 3871 279 3908; x_wconf 79' lang='lat' dir='ltr'>axxxrr</span> <span class='ocrx_word' id='word_1_325' title='bbox 290 3870 298 3906; x_wconf 74' lang='grc' dir='ltr'><em>τ</em></span> <span class='ocrx_word' id='word_1_326' title='bbox 311 3851 417 3906; x_wconf 74' lang='lat' dir='ltr'>«Greci</span> <span class='ocrx_word' id='word_1_327' title='bbox 432 3850 622 3920; x_wconf 85' lang='lat' dir='ltr'>myacanthan,</span> <span class='ocrx_word' id='word_1_328' title='bbox 707 3859 734 3914; x_wconf 75' lang='grc'>4,</span> <span class='ocrx_word' id='word_1_329' title='bbox 745 3851 781 3902; x_wconf 82' lang='grc' dir='ltr'>Ει</span> <span class='ocrx_word' id='word_1_330' title='bbox 791 3847 925 3900; x_wconf 74' lang='lat' dir='ltr'>carididiori</span> <span class='ocrx_word' id='word_1_331' title='bbox 936 3847 1021 3915; x_wconf 83' lang='lat' dir='ltr'>major.</span> <span class='ocrx_word' id='word_1_332' title='bbox 1032 3840 1177 3896; x_wconf 87' lang='lat' dir='ltr'>Candidio-</span> 
     </span>
     <span class='ocr_line' id='line_1_37' title="bbox 108 3921 1177 4004; baseline -0.012 -20"><span class='ocrx_word' id='word_1_333' title='bbox 108 3932 153 3984; x_wconf 88' lang='lat' dir='ltr'>alii</span> <span class='ocrx_word' id='word_1_334' title='bbox 174 3949 320 4002; x_wconf 80' lang='lat' dir='ltr'>asparagon</span> <span class='ocrx_word' id='word_1_335' title='bbox 332 3931 440 4004; x_wconf 86' lang='lat' dir='ltr'>agrion,</span> <span class='ocrx_word' id='word_1_336' title='bbox 456 3929 546 3984; x_wconf 83' lang='lat' dir='ltr'>Latini</span> <span class='ocrx_word' id='word_1_337' title='bbox 561 3949 621 3985; x_wconf 86' lang='lat' dir='ltr'>cur·</span> <span class='ocrx_word' id='word_1_338' title='bbox 665 3949 707 3982; x_wconf 84' lang='lat' dir='ltr'>res</span> <span class='ocrx_word' id='word_1_339' title='bbox 714 3921 1177 3981; x_wconf 83' lang='lat' dir='ltr'>nascunturl‹›cisnri‹lioribus.ll.in.</span> 
     </span>
     <span class='ocr_line' id='line_1_38' title="bbox 110 4003 1179 4084; baseline -0.012 -21"><span class='ocrx_word' id='word_1_340' title='bbox 110 4009 225 4074; x_wconf 76' lang='lat' dir='ltr'>rudem,</span> <span class='ocrx_word' id='word_1_341' title='bbox 242 4011 288 4064; x_wconf 80' lang='lat' dir='ltr'>alii</span> <span class='ocrx_word' id='word_1_342' title='bbox 303 4030 460 4084; x_wconf 73' lang='lat' dir='ltr'>asparagum</span> <span class='ocrx_word' id='word_1_343' title='bbox 476 4021 622 4081; x_wconf 75' lang='lat' dir='ltr'>agrestem,</span> <span class='ocrx_word' id='word_1_344' title='bbox 709 4009 735 4060; x_wconf 84' lang='lat'>5.</span> <span class='ocrx_word' id='word_1_345' title='bbox 751 4008 858 4074; x_wconf 72' lang='lat' dir='ltr'>Regium.</span> <span class='ocrx_word' id='word_1_346' title='bbox 871 4005 989 4058; x_wconf 87' lang='lat' dir='ltr'>Dioscor.</span> <span class='ocrx_word' id='word_1_347' title='bbox 1003 4003 1051 4054; x_wconf 89' lang='lat' dir='ltr'>lib.</span> <span class='ocrx_word' id='word_1_348' title='bbox 1065 4003 1105 4064; x_wconf 89' lang='lat' dir='ltr'>ll,</span> <span class='ocrx_word' id='word_1_349' title='bbox 1121 4019 1179 4069; x_wconf 88' lang='lat' dir='ltr'>cap.</span> 
     </span>
     <span class='ocr_line' id='line_1_39' title="bbox 109 4085 842 4162; baseline -0.004 -19"><span class='ocrx_word' id='word_1_350' title='bbox 109 4089 153 4143; x_wconf 89' lang='lat' dir='ltr'>alii</span> <span class='ocrx_word' id='word_1_351' title='bbox 166 4109 321 4162; x_wconf 75' lang='lat' dir='ltr'>asparagum</span> <span class='ocrx_word' id='word_1_352' title='bbox 334 4091 478 4154; x_wconf 86' lang='lat' dir='ltr'>rusticum,</span> <span class='ocrx_word' id='word_1_353' title='bbox 491 4089 536 4142; x_wconf 87' lang='lat' dir='ltr'>alii</span> <span class='ocrx_word' id='word_1_354' title='bbox 549 4105 624 4160; x_wconf 84' lang='lat' dir='ltr'>aspa·</span> <span class='ocrx_word' id='word_1_355' title='bbox 673 4089 737 4140; x_wconf 74' lang='lat' dir='ltr'>rba.</span> <span class='ocrx_word' id='word_1_356' title='bbox 754 4085 842 4140; x_wconf 66' lang='lat' dir='ltr'>nanu.</span> 
     </span>
    </p>
   </div>
   <div class='ocr_carea' id='block_1_5' title="bbox 988 4173 1051 4260">
    <p class='ocr_par' dir='ltr' id='par_1_7' title="bbox 988 4173 1051 4260">
     <span class='ocr_line' id='line_1_40' title="bbox 988 4173 1051 4260; baseline -0.016 0"><span class='ocrx_word' id='word_1_357' title='bbox 988 4173 1051 4260; x_wconf 80' lang='lat'>35⁸</span> 
     </span>
    </p>
   </div>
   <div class='ocr_carea' id='block_1_6' title="bbox 0 0 1476 5009">
    <p class='ocr_par' dir='ltr' id='par_1_8' title="bbox 0 0 1476 5009">
     <span class='ocr_line' id='line_1_41' title="bbox 0 0 1476 5009; baseline 0 0"><span class='ocrx_word' id='word_1_358' title='bbox 0 0 1476 5009; x_wconf 95' lang='lat' dir='ltr'> </span> 
     </span>
    </p>
   </div>
  </div>
 </body>
</html>
