2925 5009
475 496 633 566 LIBER
659 495 1149 570 xv11.85

99 625 208 755 pedali,
231 625 281 696 vel
305 626 452 722 pertica,
467 651 541 746 quae
566 628 698 715 utilior,
718 654 787 724 quo
808 627 946 723 plenior.
969 628 1151 700 intervallo

98 717 310 802 csse⁵debent
327 733 466 829 pedes
449 757 529 802 seni.
512 721 674 804 Trimae⁶
683 735 824 830 pedibus
841 733 963 804 binisa
984 749 1072 804 terrn
1089 760 1150 854 pn·
1193 796 1197 801 ,

98 839 204 907 tatione
224 851 434 926 coercentur,
454 853 492 908 ut
507 864 541 909 se
560 842 594 908 in
613 839 820 910 latitudinem
839 839 1000 928 lundens,
1018 864 1057 911 ac
1080 844 1152 911 sine

97 941 178 1014 scalis
196 944 406 1016 tondeantur.
434 943 522 1014 salix
549 948 637 1016 enim
657 945 832 1016 fecundior
858 965 928 1028 est,
958 971 1026 1040 quo
1055 961 1153 1018 serre

96 1053 227 1143 propior.
241 1052 725 1146 Hasquoqueomuibusannis
745 1051 899 1122 confodi⁷
907 1053 1152 1182 jubeptmense

96 1155 186 1248 aprili
199 1160 278 1227 Haec
292 1173 343 1227 est
357 1155 562 1228 viminalium
577 1156 721 1227 cultura
740 1155 918 1228 Perticalis.
921 1172 956 1226 et
971 1145 1098 1253 virgn¹,
1116 1174 1150 1229 et
1170 1183 1184 1216 ²

97 1259 170 1328 talea
186 1265 325 1348 seritur,
350 1263 479 1332 fossura
497 1264 623 1333 eadem.
642 1266 789 1336 Perticae
806 1289 847 1333 ex
865 1288 904 1333 ea
923 1263 1034 1333 cedi
1022 1278 1183 1357 Justum

96 1380 149 1450 cst,
169 1383 289 1462 quarto
313 1369 382 1439 fere
400 1393 498 1439 anno.
523 1373 566 1439 Et
587 1394 634 1438 ea
650 1368 786 1440 autem⁹
805 1371 1048 1440 senescentium
1070 1395 1150 1464 pro·

96 1473 201 1566 pagine
220 1473 439 1546 resarciunt¹⁰
457 1475 587 1562 locum,
602 1478 728 1570 pertica
748 1477 922 1561 immersa,
940 1499 980 1544 ac
996 1490 1074 1570 post
1092 1499 1153 1544 an·

96 1602 165 1645 num
176 1582 289 1650 recisa.
301 1579 447 1651 Salicis¹¹
460 1581 643 1650 viminalis
627 1579 889 1712 Jugerasingula
902 1580 1153 1650 sufficiuntxrv

95 1684 186 1754 vineae
198 1687 380 1816 jugeribus.
393 1685 549 1778 Ejusdem
570 1687 635 1756 rei¹
640 1686 765 1757 'cansa
780 1686 924 1782 populus
939 1686 1014 1755 alba
1034 1689 1155 1757 seritur

97 1778 301 1884 bipedaneo¹³
313 1794 498 1888 pastinato,
508 1792 593 1863 talea
612 1791 851 1889 sesquipedali,
863 1780 1000 1862 biduo¹⁴
1014 1795 1153 1877 siccata,

132 1959 360 2016 Slatemlloesse.
372 1963 478 2016 Colunt.
487 1963 539 2016 loc.
547 1963 592 2017 cit
680 1981 706 2032 9.
723 1965 762 2016 Et
775 1976 908 2016 necarem
922 1965 964 2016 De
985 1962 1155 2017 viminalibus

101 2039 210 2110 nlliguus
222 2041 295 2096 locus
312 2044 396 2114 spatia
410 2043 510 2096 laxiora
524 2041 593 2096 desi·
638 2041 720 2096 tradit
733 2043 839 2097 Colum.
853 2044 872 2096 l
882 2043 932 2107 1v
945 2060 970 2095 c.
983 2041 1018 2095 do
1023 2060 1071 2111 ,,ιι
1086 2047 1152 2106 slis,

98 2115 174 2181 derat,
200 2139 283 2192 eaque
304 2139 398 2174 unum
422 2120 521 2194 pedum
545 2139 595 2193 per
639 2123 738 2194 mergis
751 2122 779 2175 in
793 2132 890 2174 terram
903 2120 1154 2176 curvatisdelossis·

99 2197 261 2267 quincuncem
274 2214 346 2256 reete
358 2201 474 2264 iaciunt
485 2201 593 2255 etnll.
639 2219 708 2274 que,
722 2215 749 2256 et
761 2213 929 2274 postrenum
942 2199 1154 2280 decisisastirpe

133 2282 157 2330 6.
173 2279 266 2334 Trimoe.
290 2281 377 2335 Etiam
394 2279 539 2346 annicula,
552 2280 595 2332 rel
639 2281 780 2352 propagari
795 2298 856 2334 eas:
872 2277 947 2351 quod
961 2281 1047 2332 multo
1067 2292 1106 2334 est
1108 2270 1153 2334 de

100 2373 117 2406 u
110 2355 203 2411 'luerit
214 2377 276 2430 ager
286 2361 390 2425 siccior,
401 2359 501 2413 bima
494 2360 595 2432 inquit,
639 2360 760 2432 perticuli
773 2359 870 2412 verina
882 2355 976 2412 llsan.

101 2435 261 2501 Collum.
277 2438 371 2492 Hsun.
610 2460 614 2468 ·
684 2458 725 2493 ιο.
745 2440 889 2492 llesarcs'unr
906 2439 992 2491 locssn
1017 2437 1154 2493 Broterius

135 2533 159 2584 7.
174 2517 377 2588 Consedijudene.
394 2515 461 2571 Sunt
474 2519 522 2590 qni
537 2539 595 2570 eon·
640 2516 737 2571 exlllS.
750 2519 816 2590 lieg.
832 2537 844 2570 ι
857 2530 884 2570 et
894 2515 1012 2572 editione
1020 2518 1152 2589 principe,
1248 2531 1252 2540 ’

95 2591 140 2663 figi
150 2596 232 2667 legant
245 2616 278 2651 ex
292 2596 416 2669 quibusd.
432 2597 508 2651 Mss.
519 2597 595 2652 male.
636 2601 805 2668 precantum.
828 2598 861 2649 lu
887 2596 945 2651 HS.
963 2599 1028 2668 lleg.
1052 2616 1084 2662 ι,
1098 2609 1153 2647 ιιι·

102 2691 176 2742 quum
182 2689 303 2750 sequatur
314 2677 420 2735 statim,
436 2677 597 2749 *perticatim
640 2679 715 2730 ciunt.
728 2677 780 2730 Eu.

102 2763 125 2804 et
136 2753 218 2826 virga,
236 2769 263 2810 et
283 2756 351 2810 talea
367 2758 479 2822 seritur,
497 2757 597 2810 fossura
683 2773 726 2809 ιι.
740 2756 829 2808 Sals'cis
839 2757 971 2810 viminalis.
987 2755 1153 2820 Columella,
1232 2814 1234 2817 ,

101 2830 196 2892 eadem·
209 2861 220 2882 ·
242 2855 340 2906 ¹¹enspe
354 2854 414 2907 qua
435 2838 463 2888 iu
479 2836 597 2888 viminali
640 2836 750 2889 loccis.
769 2834 982 2900 ·Viminalinm,
997 2848 1028 2889 ιιι
1050 2835 1158 2894 Atticus,

101 2925 195 2982 mepta
201 2927 250 2976 est,
263 2913 298 2968 de
312 2933 364 2988 qua
375 2933 447 2968 nunc
460 2932 554 2968 serino.
562 2915 597 2967 Et
639 2927 727 2986 putat,
742 2915 845 2986 singnis
857 2916 950 2985 jugera
961 2914 1085 2968 sufficere
1095 2933 1155 2986 pos·

103 2989 228 3048 Columell.
237 2995 288 3052 lv.
299 3013 358 3067 cap.
372 2993 422 3048 30:
437 2991 597 3046 «Fodienda
639 3006 703 3047 sunt
714 2995 802 3066 quinia
816 3003 844 3047 et
857 2993 957 3046 vicenis
970 2993 1106 3065 jugeribus
1121 2993 1154 3044 li·

103 3073 364 3142 suntpsimotriennin
372 3073 462 3127 salicta
469 3072 597 3138 crebrius,
640 3071 734 3144 ganda
755 3073 863 3126 vinee:
882 3072 1034 3126 arundineti
1050 3071 1154 3142 singula

103 3153 256 3206 utnonunlla
275 3154 383 3207 vineta:
403 3171 486 3224 quum
500 3151 598 3206 deinde
638 3155 731 3225 jugera
752 3151 853 3206 vicenis
869 3149 1013 3224 iugandis:
1031 3149 1154 3205 castaneti

102 3231 281 3296 convaluerint,
295 3233 382 3286 tribus
405 3231 514 3286 fossuris
534 3251 597 3284 con·
639 3234 764 3303 jugerum
788 3228 901 3284 totidem
925 3229 1067 3302 palandis,
1088 3243 1155 3302 quot

104 3318 165 3362 tenu
177 3313 335 3366 caumaliter
344 3311 544 3366 cultaceleriter
553 3309 600 3364 de·
641 3309 797 3366 arundineti
807 3309 941 3382 iugandis.
949 3337 963 3359 ι
977 3311 1068 3365 Haun.

104 3385 191 3442 ficiunt.
202 3415 213 3436 ·
231 3393 322 3446 Ηιιιιι.
685 3409 729 3444 sa.
745 3391 862 3461 Ejusdem
871 3395 913 3442 rei.
926 3389 1020 3445 Vinea
1030 3387 1153 3461 liganda.

140 3467 163 3520 ι.
175 3470 303 3540 Eruli-gs.
322 3470 380 3523 lloc
402 3481 457 3534 est,
476 3469 598 3533 surculo,
643 3469 737 3524 Hsan.

106 3541 192 3618 dequo
211 3547 312 3602 dictum
327 3561 368 3602 est
389 3565 495 3619 capp,
510 3548 550 3601 uti
565 3546 598 3602 de
687 3550 731 3602 13.
748 3549 981 3619 Bipedasseo.Terrs
994 3547 1063 3601 duos
1075 3545 1156 3620 pedes

107 3623 173 3683 talea,
184 3645 237 3700 cap.
248 3647 294 3698 ²7·
304 3627 448 3682 Columell.
458 3628 512 3683 loc.
526 3629 598 3682 citat.
642 3627 890 3682 refossul’astinare
902 3640 1044 3681 estterram
1056 3626 1155 3681 lodese.

108 3703 242 3761 desimus
266 3708 322 3762 iere
341 3705 467 3760 eumdem
487 3725 599 3778 agrurn¹
643 3707 737 3761 llsan.

107 3799 174 3850 quem
187 3787 326 3850 viminalis,
342 3785 492 3840 desiderat:
506 3787 601 3842 melior
687 3795 732 3852 ιι.
744 3787 826 3840 Biduo
838 3789 938 3837 siccata.
951 3785 1109 3856 Priusquam
1119 3803 1158 3838 se·

108 3873 181 3916 tamen
193 3865 267 3937 riguo
279 3865 421 3940 provenit:
433 3875 512 3937 atque
523 3885 552 3919 ea
564 3879 600 3920 ta·
643 3880 740 3920 ratur.
734 3885 740 3896 ·
754 3877 847 3919 contra
869 3863 994 3936 quamde
1009 3865 1075 3918 oleis
1089 3883 1157 3934 pra·

107 3939 311 3998 leisconseritnr..
316 3946 479 4016 crebroque
489 3944 600 4010 foditur
645 3957 753 4016 ceptum
765 3957 804 3997 est
809 3963 887 4014 ,.cap
904 3943 958 3996 31:
968 3943 1081 3997 «Taleae
1102 3961 1158 3996 non

108 4025 358 4090 atqueesherlsatur..
369 4024 496 4078 srcculta
504 4038 599 4096 quarto
645 4025 741 4077 siccare
755 4025 909 4096 priusquam
921 4035 1051 4085 serantur,
1067 4021 1159 4076 utilius

109 4095 280 4158 demumanno
293 4103 434 4159 caditur.-
449 4106 539 4158 llsnn.
645 4117 844 4174 compertum.
833 4105 958 4154 Ηιιιι.

935 4194 1076 4279 6³.
