2925 5009
576 466 646 531 nn
677 463 846 547 01210„
1150 448 1236 536 ι645

162 588 333 650 accenditur,
345 606 380 639 ex
392 604 425 639 eo
436 586 511 661 quod
526 584 671 638 imminuto
685 582 825 655 seoguinis
840 592 915 633 motu
925 578 1047 633 circulari
1061 594 1107 630 seu
1120 592 1239 647 progres-

153 676 236 741 sixo,
249 686 277 729 et
290 686 367 728 sums
383 672 531 734 fluiditate,
547 684 636 743 motus
651 676 708 743 ejus
717 670 859 724 intestinus
869 686 915 723 seu
931 665 1132 721 fermentatitius
1141 680 1240 733 sagea-

163 776 252 829 tur,e
271 780 328 835 quo
343 762 417 816 calor
434 760 542 834 pendet.
558 762 600 813 Ab
610 760 753 813 imminuto
768 758 840 813 tucci
851 759 956 811 nervosi
969 755 1003 809 ed
1015 768 1106 827 partos
1120 750 1238 815 effluxu,

162 865 190 906 et
203 850 324 925 ejusdem
339 850 446 904 refluxu
464 850 613 922 apartibus
627 840 831 909 sd'cerebrlrm,
854 858 961 901 anunm
982 856 1089 915 torpor,
1111 850 1199 893 motus
1212 852 1239 891 et

162 956 257 994 senem
269 937 420 992 imminutio
438 939 649 1009 subsequuntur.
663 938 780 990 Somnus
789 954 897 1009 qnoque
907 934 1038 988 excitetur
1047 930 1107 1003 plus
1120 926 1241 981 minnere

162 1026 334 1101 profundus,
344 1044 400 1098 qao
411 1026 472 1098 plus
485 1026 530 1079 rel
546 1026 637 1079 minus
654 1026 749 1090 nervi,
767 1044 813 1080 sen
826 1042 969 1079 nervorum
982 1020 1112 1093 principie
1125 1015 1239 1071 functio·

161 1115 246 1169 nibus
266 1113 425 1167 animalibus
440 1112 545 1176 dicata,
556 1116 590 1167 ab
603 1114 706 1166 arteriis
718 1114 941 1185 comprimuntur.
952 1112 1025 1165 Mors
1038 1108 1153 1179 denique
1172 1122 1240 1156 non·

163 1220 303 1275 numm
315 1202 418 1265 evenit,
434 1202 457 1256 si
471 1220 504 1255 ex
515 1202 597 1255 nimia
611 1214 637 1255 et
650 1202 740 1256 subite
754 1204 910 1255 arteriarum
925 1196 1130 1254 intumescentia
1144 1210 1242 1246 nervoa

107 1318 111 1324 ¹
164 1308 256 1344 aarum
269 1290 397 1343 librarum
406 1290 508 1344 cerebri
522 1294 677 1364 mejorpers
686 1290 753 1343 adeo
763 1300 959 1351 conrctetnr,ttt
972 1288 1030 1341 illas
1042 1297 1133 1358 postea
1145 1298 1240 1334 succus

166 1396 297 1433 nervosas
310 1396 447 1448 pameare
457 1392 578 1451 nequeat.
593 1378 693 1433 Eodem
705 1396 814 1451 prorsus
826 1380 929 1431 ratione
947 1377 1055 1431 dolores
1066 1373 1239 1427 sublevantur

165 1467 201 1521 ab
219 1468 282 1539 opio
299 1479 345 1520 sut
356 1466 500 1533 sedantur,
515 1486 569 1519 non
585 1466 659 1541 quod
677 1465 777 1520 doloris
789 1486 867 1521 censa
884 1466 1008 1527 tollatur,
1022 1462 1069 1517 sed
1085 1459 1160 1534 quod
1178 1477 1238 1511 ner·

165 1556 221 1609 rosi
233 1554 308 1608 succi
321 1554 349 1607 in
360 1572 457 1607 nervos
474 1554 606 1609 influxum
619 1554 782 1619 inhibendo,
793 1554 920 1625 impediat
933 1552 1077 1625 quominus
1087 1548 1241 1602 irritationis
1283 1586 1293 1605 ,

165 1642 310 1696 sensatior
329 1654 405 1713 perte
425 1642 483 1696 ltese
499 1642 533 1697 ed
551 1662 695 1696 nervorum
713 1644 878 1717 principium
891 1662 937 1695 scu
951 1640 1066 1693 unimam
1085 1656 1169 1710 usque
1183 1654 1240 1707 pcr-

78 1782 84 1789 ,
166 1730 267 1783 reniet.

201 1818 315 1871 Deiecto
329 1818 400 1872 succi
413 1818 522 1873 nervosi
535 1836 581 1872 seu
598 1818 741 1891 spirituum
756 1819 926 1883 animalium,
941 1816 1100 1871 secretiores
1114 1826 1139 1867 et
1151 1830 1241 1867 excre-

167 1904 254 1958 tiones
269 1904 466 1958 imminuuntur
478 1918 524 1959 ent
542 1924 652 1977 prorsus
665 1905 794 1961 deliciunt
808 1926 814 1959 t
827 1906 899 1980 qaod
916 1906 1084 1977 potissimum
1099 1902 1242 1955 observare

166 2006 206 2047 eet
219 1992 248 2046 in
267 1993 364 2064 hepate
381 2005 407 2047 et
427 1994 547 2047 mnibus.
564 1996 642 2048 ldem
665 1995 773 2067 insuper
790 1996 842 2047 illis
858 1996 886 2048 in
900 1994 1044 2049 visceribus
1060 1992 1154 2045 accidit
1173 1991 1240 2043 etin

166 2082 286 2136 cerebro.
302 2081 413 2135 Arteriis
434 2083 535 2136 scilicet
558 2097 654 2155 preter
671 2083 780 2138 modum
794 2082 931 2148 distensis,
950 2081 1094 2136 exors-toria
1117 2080 1176 2133 bilis
1197 2092 1243 2131 aut

168 2170 251 2223 crines
262 2188 326 2223 vase
342 2171 572 2242 comprimuntur,
585 2184 612 2225 et
622 2170 753 2225 horumce
766 2170 910 2224 humorum
926 2171 1043 2223 excretio
1059 2170 1166 2222 sistitur.
1182 2167 1243 2219 Sola

167 2270 228 2329 post
243 2270 408 2329 assumptum
428 2259 523 2332 opium
544 2278 593 2332 per
612 2259 681 2314 cutis
699 2260 969 2332 membranarumqne
989 2276 1069 2330 poros
1081 2248 1242 2330 perspicatio

167 2347 238 2418 riget
247 2383 256 2410 ,
276 2346 331 2421 imo
345 2346 415 2400 vires
432 2350 547 2420 scquin't
567 2348 602 2401 sb
621 2368 672 2417 eos
686 2348 902 2421 quondoquidem
918 2348 992 2401 nulla
1006 2358 1067 2401 sunt
1080 2364 1141 2399 raso
1156 2362 1241 2399 secer-

167 2436 261 2488 nentia
282 2434 472 2507 perspirstioni
489 2435 579 2491 dicata
598 2455 605 2490 :
627 2436 675 2491 sed
700 2438 902 2509 perspirationis
922 2437 1033 2498 muteris
1053 2452 1242 2507 pervasorum

167 2522 352 2594 quorumlibet
367 2542 447 2593 poros
459 2526 676 2579 membranarum
689 2528 844 2579 extensione
852 2524 974 2579 dilatatos
988 2524 1089 2578 exitum
1107 2522 1157 2575 sibi
1170 2540 1242 2593 qno-

167 2607 212 2660 rit.
225 2606 319 2660 Sudor
330 2626 441 2679 quoqne
453 2627 648 2681 nonnunquam
665 2612 820 2682 supervenit
836 2628 868 2663 ex
881 2628 913 2663 eo
926 2607 1000 2680 quod
1018 2607 1160 2661 sudorileri
1172 2624 1242 2658 ntea-

168 2708 212 2748 tus
222 2696 251 2747 in
264 2694 370 2749 extimis
383 2696 454 2751 rosis
466 2710 492 2751 et
504 2709 564 2751 cute
578 2698 711 2762 collocati,
725 2699 807 2751 nullis
819 2698 871 2751 sint
884 2697 1003 2770 impliciti
1017 2696 1147 2749 arteriolis
1160 2698 1245 2748 unsis-

168 2782 273 2836 resilis
288 2782 418 2846 diletatis,
439 2803 555 2857 qnorum
574 2786 738 2857 compressio
757 2786 820 2839 huic
844 2786 1011 2838 evacuationi
1031 2786 1138 2838 obstare
1151 2796 1242 2857 quent.

203 2872 303 2925 Revera
315 2870 436 2944 quaedam
450 2874 639 2926 exornationes
652 2892 802 2946 suppresse
815 2890 1010 2945 nonnunquam
1024 2872 1200 2927 restituuntur
1209 2874 1244 2924 alr

169 2958 252 3031 opio;
275 2960 299 3013 si
318 2977 415 3032 nempe
439 2960 483 3013 ills
508 2962 661 3035 suppressio
685 2962 787 3015 oriatur
810 2980 825 3014 a
851 2961 1041 3015 vehementiori
1067 2978 1244 3014 nervosetunt

169 3046 389 3101 membranarum
402 3048 564 3115 irritatione,
577 3048 611 3102 ita
628 3061 658 3101 ut
676 3049 785 3104 assiduo
805 3064 831 3104 et
845 3049 963 3103 uberiori
981 3049 1122 3121 spirituum
1138 3050 1242 3103 anima-

169 3132 235 3187 lium
248 3132 282 3188 ad
294 3146 383 3207 partes
392 3134 492 3189 effluxu
504 3134 579 3190 filtro
594 3138 722 3191 continuo
739 3151 764 3191 et
782 3138 952 3193 vehementer
964 3139 1125 3209 crispentur,
1142 3149 1167 3190 et
1180 3156 1243 3190 con-

170 3221 311 3275 vellantur.
323 3222 381 3275 Hoc
399 3223 539 3294 spirituum
554 3225 710 3278 animalium
727 3225 829 3279 ollluxu
843 3228 877 3278 ab
890 3227 953 3297 opio
968 3226 1085 3280 cohibito
1099 3226 1142 3279 rel
1153 3226 1242 3279 irnrni-

169 3320 251 3373 unto,
266 3310 341 3363 libro
353 3328 475 3365 nervose
489 3313 660 3378 relaxentur,
674 3324 700 3365 et
717 3332 867 3385 suppresse
887 3314 1070 3367 evacuationcs
1083 3316 1175 3367 saltem
1198 3335 1246 3385 per

170 3395 281 3469 eliqnod
301 3410 407 3469 tempus
429 3400 612 3453 restituuntur.
640 3400 684 3453 Sic
702 3418 896 3474 nonnunquam
908 3402 951 3455 'nb
968 3414 1102 3471 assumpto
1120 3402 1183 3473 opio
1201 3422 1245 3455 co-

170 3483 283 3549 thurnis,
297 3483 427 3551 dicretis,
442 3487 573 3540 mentium
592 3500 618 3540 ct
630 3488 779 3541 lochiorum
793 3488 896 3553 ssuxus,
919 3491 1123 3543 secundinarum
1138 3491 1248 3564 ejectio,

172 3589 279 3625 necnon
289 3574 386 3625 ctlculi
398 3574 494 3627 reuelis
507 3576 621 3629 excretio
632 3617 639 3641 ,
650 3590 696 3632 tut
711 3578 769 3631 alite
780 3590 973 3647 promoventur
982 3580 1170 3632 crocitationes
1181 3596 1187 3630 :
1200 3598 1247 3631 nec

172 3656 273 3730 dispari
296 3661 399 3713 ratione
415 3672 504 3714 motus
517 3662 677 3734 spasmodici
696 3650 889 3737 hystoricorum
903 3676 948 3718 nut
967 3665 1246 3740 hypocondriacorum

177 3745 212 3798 sb
224 3745 318 3800 eodem
332 3747 527 3801 medicamento
539 3751 626 3804 seclari
640 3753 734 3805 solent.

208 3834 263 3900 Qui
277 3852 326 3906 per
344 3836 454 3907 longum
467 3849 573 3909 tempus
586 3840 682 3911 opiatis
702 3838 828 3894 remediis
847 3852 973 3904 utuntur,
987 3860 1055 3915 saepe
1075 3844 1247 3913 experiuntur

172 3924 295 3977 eamdem
318 3925 390 3980 ittam
414 3926 520 3989 doeim,
537 3947 597 3999 qun
616 3929 649 3981 ed
667 3948 790 4001 soporem
816 3930 994 3985 inducendum
1017 3932 1093 3985 initio
1113 3932 1248 3986 sufficiens

171 4024 248 4073 erat,
262 4023 322 4082 post
340 4013 449 4085 aliquod
470 4029 574 4087 tempus
591 4018 712 4071 inutilem
729 4030 754 4071 et
772 4020 877 4072 irritam
893 4020 949 4073 lieri
964 4038 971 4081 ;
986 4022 1110 4093 mojorem
1126 4020 1246 4089 requiri,

167 4100 306 4155 ueletiam
330 4100 365 4154 ad
382 4121 505 4157 scurnum
529 4104 727 4160 conciliandum
749 4108 869 4179 quotidie
891 4108 1069 4181 ampliandam
1089 4126 1154 4163 este.
1176 4108 1248 4163 lllutl
