2925 5009
315 417 388 488 sali
581 419 621 486 C.
650 419 822 494 PLter
845 418 952 489 NAT.
981 419 1114 488 flls‘r.

310 576 404 638 rum,
419 549 580 646 impositis
595 551 776 625 etiamnum
796 549 953 647 patibulis
970 548 1122 646 palmites
1139 548 1393 623 circumvolvit

310 661 427 751 ltaque
447 669 567 751 praeter
588 656 649 727 soli
664 659 765 746 visis,
777 656 909 730 cultura
923 681 1057 789 eppoque
1075 671 1173 729 torva
1190 656 1286 728 fiunt
1304 659 1392 727 vius.

260 781 293 843 49
311 762 384 836 Alia
392 761 490 856 culpa
496 763 590 856 juxta
601 763 730 836 Urbem
743 766 935 837 Varracinis
962 788 1055 859 ,(Ῑυω
1073 762 1208 835 alteruis
1223 777 1393 858 putantur

310 871 423 939 annis:
439 893 508 940 non
525 870 603 965 quia
621 869 654 938 id
668 870 728 939 viti
748 871 933 957 conducat,
956 870 1016 940 sed
1034 872 1113 964 quia
1136 868 1288 955 vilitate,
1306 869 1393 940 redi·

311 989 383 1046 tum
412 975 579 1070 impendia
603 990 812 1070 exsuperant.
839 976 991 1048 Medium
1017 990 1331 1072 temperamentum
1356 977 1392 1046 iu

312 1079 514 1154 Carseolano
524 1067 549 1122 ³⁷
568 1097 753 1177 sequuntur
767 1107 776 1152 :
791 1084 1001 1177 cariosasque
1015 1096 1146 1152 tantum
1167 1082 1245 1155 vitis
1261 1095 1393 1177 partes,

311 1187 569 1283 incipientesque
584 1189 770 1263 inarescere
783 1189 993 1286 deputando,
1007 1190 1134 1262 cacteris
1157 1188 1200 1258 ad
1222 1213 1334 1261 uvam
1347 1212 1395 1258 ro

312 1291 411 1380 lictis,
432 1291 583 1364 detracto
602 1319 704 1370 onere
727 1319 952 1392 supervacuo,
973 1319 1037 1390 pro
1062 1296 1276 1364 nutrimento
1301 1295 1391 1364 omni

312 1413 362 1470 est
377 1403 497 1471 raritas
515 1397 670 1473 vulneris.
685 1401 753 1475 Sed
773 1403 835 1476 nisi
856 1403 972 1497 pingui
991 1399 1063 1472 solo
1082 1398 1157 1472 talis
1179 1398 1319 1472 cultum
1335 1399 1392 1470 dc

311 1521 448 1602 generat
466 1507 501 1578 in
517 1505 715 1584 labruscam.

260 1631 294 1684 50
364 1613 510 1688 Arbuste
530 1614 618 1684 arari
642 1637 744 1717 quum
765 1612 922 1684 altissime
942 1612 1149 1701 desiderant,
1167 1613 1233 1685 etsi
1255 1626 1390 1682 tantum

311 1717 472 1794 frumeuti
494 1720 579 1788 ratio
596 1744 664 1790 non
681 1721 782 1816 exigit
788 1705 826 1786 ³⁸.
841 1720 1032 1816 Pampinari
1044 1743 1085 1792 ea
1103 1743 1172 1791 non
1192 1733 1247 1789 est
1263 1717 1387 1788 moris:

312 1839 346 1894 et
358 1825 423 1896 boc
442 1850 516 1902 corn
561 1823 677 1901 udium
698 1851 818 1922 operm.
839 1829 1055 1922 Deputautur
1073 1850 1152 1896 curn
1171 1827 1244 1895 vite
1262 1825 1388 1920 pariter

313 1928 507 2000 interlucata
525 1929 538 1968 ⁹
565 1930 727 2001 densitate
753 1956 923 2002 ramorum
946 1934 1002 2028 qui
1024 1932 1090 2000 sint
1107 1931 1332 2025 supervacui,
1355 1941 1387 1996 et

312 2035 489 2110 absumant
522 2034 686 2111 alimenta.
722 2027 876 2132 Plagas⁴⁰
900 2037 943 2111 ad
963 2037 1230 2134 septemtriones,
1260 2050 1323 2110 aut
1345 2032 1386 2104 od

312 2143 483 2212 meridiem
505 2157 657 2237 spectare
671 2145 837 2214 vetuimus
851 2171 859 2213 :
873 2142 1008 2228 melius,
1024 2144 1052 2213 si
1069 2167 1178 2237 neque
1193 2145 1230 2211 in
1245 2163 1384 2212 occasus

313 2247 398 2318 solis.
422 2250 489 2322 Diu
510 2247 625 2318 dolent
645 2247 723 2320 talia
745 2274 879 2348 quoque
897 2249 1056 2333 bulcem,
1078 2263 1113 2318 et
1130 2247 1270 2319 difficile
1299 2269 1384 2318 saue

239 2343 242 2349 ⁵
313 2369 430 2440 scunt,
449 2353 591 2450 algendo
605 2356 716 2445 nimis,
739 2355 962 2428 aestuandove.
979 2355 1059 2431 Nou
1073 2341 1222 2446 eadem⁴¹
1239 2357 1278 2426 iu
1299 2355 1383 2437 vite,

312 2485 386 2555 quae
403 2463 437 2529 in
456 2461 621 2549 arbustis,
643 2458 804 2531 libertas:
826 2449 1017 2558 quoniam⁴²
1035 2475 1127 2531 corta
1148 2459 1253 2532 latera
1273 2475 1326 2531 est
1342 2457 1382 2527 fs

353 2694 400 2750 36.
431 2693 581 2748 Varrscr'nis.
615 2693 656 2748 Ita
681 2692 760 2748 MSS.
786 2692 825 2750 At
866 2713 949 2758 num,
974 2697 1069 2746 temetsi
1083 2695 1205 2759 smmi
1229 2696 1305 2756 rasio.
1327 2689 1378 2742 Eu.

312 2773 509 2828 rectiuslorssn
527 2774 680 2838 Tarruciais,
703 2773 737 2828 ab
757 2772 826 2826 urbe
908 2773 1267 2844 39.1ssests0asc.1³rccisis
1287 2767 1379 2832 nmis,

312 2849 516 2918 Tarracina,de
528 2851 637 2924 qualib.
648 2852 691 2906 111
706 2852 735 2906 iu
753 2851 826 2905 Geo-
867 2853 915 2925 qui
931 2854 968 2906 ob
980 2852 1092 2909 nimiam
1105 2851 1264 2909 densitatem
1283 2846 1376 2905 tamisi

312 2931 466 3004 graphicis:
487 2931 529 2986 rel
549 2931 697 2984 Marrucinis
721 2931 826 3004 potius,
866 2932 999 2989 officium
1021 2935 1062 2986 De
1077 2950 1109 2991 ea
1120 2949 1188 2988 voce
1202 2932 1309 3002 sgimm
1322 2944 1376 2998 esp

312 3011 341 3066 in
357 3024 451 3084 quarta
467 3010 549 3066 Italic
559 3010 668 3082 regione
682 3012 784 3082 positis,
796 3012 826 3067 in
870 3030 914 3081 19·
928 3011 1022 3066 Esau.

313 3109 366 3164 qua
375 3103 402 3144 et
412 3091 572 3148 Carseolani.
586 3091 628 3144 De
637 3091 757 3164 utrisque
769 3108 826 3163 egr
910 3098 954 3155 40.
981 3092 1114 3163 qupes..
1127 3130 1134 3144 .
1148 3093 1279 3144 secatam.
1306 3085 1375 3142 Libri

314 3171 431 3229 muslib.
446 3171 508 3234 ΙΙΙ,
523 3189 581 3244 csp.
595 3189 640 3241 17.
654 3167 745 3224 timu.
866 3171 947 3244 bajus
971 3187 1030 3242 cap.
1050 3173 1100 3224 16:
1124 3171 1275 3241 «Plerique
1288 3167 1318 3224 id
1335 3163 1376 3220 dt*

356 3251 404 3320 37.
417 3252 449 3305 In
467 3251 623 3306 Carseolano.
644 3250 826 3310 Brorciasex
867 3269 945 3306 urum
967 3263 1078 3317 cavent,
1102 3263 1134 3305 ut
1158 3250 1237 3321 puga
1260 3243 1375 3321 depulsi?

313 3329 389 3386 MSS.
405 3333 489 3404 Regp.
500 3343 526 3384 et
544 3329 662 3388 editione
684 3329 825 3402 principe,
866 3329 1013 3387 cacuminis
1027 3328 1166 3398 meridiem
1181 3341 1298 3400 spectet,
1312 3328 1375 3398 iun*

316 3410 460 3469 Carsulano.
475 3411 529 3464 En.
866 3409 1004 3478 ulisando
1013 3409 1091 3465 nimii
1103 3409 1211 3480 vaporis
1223 3406 1334 3482 opponi·
1346 3400 1375 3456 ld

355 3490 401 3544 38.
424 3491 482 3542 Etsi
510 3501 601 3542 rantum
623 3489 743 3554 frumeuti
762 3490 827 3542 ratio
867 3487 1017 3561 quidemiu
1029 3489 1123 3544 boram
1134 3487 1188 3542 disi
1202 3489 1324 3560 painters
1335 3480 1373 3536 vel

313 3587 361 3625 aon
387 3573 472 3640 ncipit.
495 3568 644 3640 Antiquam
666 3568 825 3642 exemplar:
867 3568 985 3629 osterum
999 3579 1117 3640 spectare
1131 3560 1374 3635 palentinam

317 3649 420 3706 sTants
428 3649 476 3704 etsi
487 3647 615 3706 frumenti
626 3646 755 3704 rationum
769 3665 826 3703 nou
867 3661 895 3705 et
904 3667 962 3721 esp.
975 3669 1002 3720 7.
1014 3649 1106 3707 Hesu.

313 3728 403 3801 exigit.
418 3752 429 3777 ι
444 3727 547 3796 Scribo,
555 3727 684 3784 sTamcui
698 3726 826 3785 frumenti
910 3736 958 3799 41.
971 3729 1032 3787 Nos
1043 3728 1126 3785 cadem
1141 3729 1238 3792 irruite.
1252 3727 1373 3789 msice·

312 3809 382 3862 rstio
403 3825 457 3862 non
481 3807 571 3880 exigit.
586 3833 597 3855 ι
613 3807 694 3863 Pras.
715 3808 826 3859 -ls'tsi
868 3808 922 3865 sive
935 3807 1116 3880 pedata,sive
1129 3825 1178 3879 pes
1191 3819 1324 3873 munte.
1342 3803 1372 3857 st

312 3900 414 3942 tentam.
429 3887 824 3960 Etsil'ruuteutusu,quointer·
908 3895 955 3953 ts.
978 3890 1175 3960 Quianam
1193 3888 1280 3941 latere.
1303 3887 1371 3952 Quo

311 3968 477 4032 seritur,tam
487 3967 539 4021 alte
549 3967 618 4024 artri
631 3985 686 4022 uon
696 3967 824 4040 postulat.
866 3969 940 4029 niam
966 3968 1114 4034 infirmiora
1134 3966 1231 4026 vitiam
1248 3967 1329 4030 latera
1346 3961 1370 4016 in

310 4047 454 4111 lissum-s
480 4047 617 4109 Brotcrius
639 4059 701 4120 post
725 4047 825 4102 Pintia·
867 4049 982 4104 arbustis
1001 4049 1136 4109 laesisset
1161 4045 1370 4112 abnuendum&
