2925 5009
311 418 382 519 590
585 422 624 490 u.
649 420 821 491 aurun
845 420 957 489 nar.
985 422 1109 490 rusr.

308 570 463 652 praestat,
480 554 668 650 quandoid
687 578 820 649 quoque
842 552 928 621 inter
949 553 1088 625 artificia
1105 552 1230 625 delieiae
1249 556 1366 641 leuare,

309 688 350 732 ex
364 688 432 757 quo
449 660 545 731 labor
563 660 659 731 desiit
677 660 770 730 cibos
791 682 936 755 poscere.
957 660 1013 729 Ob
1030 660 1091 730 has
1108 684 1224 731 causas
1242 662 1368 757 quidam

309 753 497 838 anicetum⁵
518 767 552 836 id
571 790 744 836 vocavere.

277 902 289 937 t
363 876 523 943 LXXIII.
564 871 860 943 Laudatissimum¹
892 886 941 941 est
968 873 1155 960 Creticum,
1190 875 1370 968 proximum

310 981 510 1077 AEgyptium.
530 982 606 1049 lloc
627 975 787 1071 ligustioi'
807 982 915 1049 vicem
941 993 1076 1073 praestat
1097 980 1132 1047 iu
1149 980 1372 1049 condimentis.

310 1070 471 1157 Dolores³
490 1086 607 1179 capitis
628 1084 717 1153 levat
740 1083 889 1155 suffitum
909 1084 1053 1153 naribus.
1073 1086 1254 1179 Epiphoris
1272 1086 1375 1155 oeulo-

310 1218 385 1261 rum
407 1177 558 1261 Ενεειιοτ4
580 1190 723 1261 radicem
741 1191 811 1283 ejus
832 1206 939 1261 tusam
961 1191 1127 1285 imponit:
1150 1191 1251 1260 Iollas
1271 1196 1374 1288 ipsum

313 1323 391 1367 oum
414 1322 516 1367 croco
534 1299 606 1391 pari
630 1295 731 1365 modo
752 1310 786 1365 et
803 1298 897 1381 vino,
917 1310 951 1365 et
966 1320 1026 1389 per
1043 1320 1079 1365 se
1093 1300 1210 1366 tritum
1227 1322 1302 1367 cum
1321 1324 1376 1393 po-
1451 1354 1452 1363 ,

311 1403 400 1473 lanta
413 1402 457 1471 ad
470 1426 607 1495 magnas
620 1402 800 1487 fluxiones,
814 1401 1110 1496 extrahendisque,
1127 1405 1153 1472 si
1172 1428 1238 1497 qua
1256 1405 1291 1472 in
1305 1428 1378 1473 ocu·

311 1509 361 1579 los
373 1508 557 1579 inciderint.
569 1509 708 1579 Narium
717 1532 851 1603 quoque
862 1494 1071 1603 carcinodes⁵
1082 1512 1251 1579 consumit
1264 1509 1377 1579 illitum

312 1642 353 1685 ex
375 1638 470 1710 aqua.
496 1614 597 1685 Sedat
621 1614 758 1707 anginas
779 1638 856 1684 cum
878 1612 974 1683 melle
999 1628 1033 1683 et
1053 1614 1201 1709 hyssopo
1221 1641 1265 1684 ex
1290 1631 1378 1685 aoeto

312 1723 566 1817 gargarizatum.
581 1705 746 1789 Auribus⁶
764 1718 951 1790 inlirnditur
967 1745 1044 1788 cum
1066 1745 1213 1791 rosaceo.
1225 1722 1379 1791 'iboracis

278 1864 292 1897 2
312 1830 446 1922 pituitas
459 1841 582 1921 purgat
595 1826 751 1895 tostum⁷r
766 1852 843 1895 oum
858 1824 954 1895 melle
966 1840 1147 1921 sumptum,
1161 1826 1290 1899 melion
1298 1831 1378 1898 Cum

311 1930 486 2003 acetabulo
502 1933 585 2002 anisi
602 1956 705 2001 nuces
722 1955 890 2001 amarasu
910 1947 1069 2026 purgatas
1084 1947 1156 2003 tere
1176 1936 1209 2003 iu
1228 1934 1325 2004 melle
1340 1934 1378 2003 ad

312 2041 438 2108 tussim.
452 2023 642 2107 Facillime⁸
656 2062 738 2105 vero
752 2039 834 2107 anisi
847 2037 1017 2108 drachmae
1031 2053 1112 2127 tres,
1128 2044 1306 2135 papaveris
1313 2041 1378 2111 due

313 2146 495 2215 miscentur
513 2141 610 2213 melle
626 2141 669 2212 ad
689 2142 774 2213 fabae
789 2143 1070 2239 magnitudinem,
1090 2160 1126 2215 et
1146 2149 1252 2217 ternis
1271 2147 1379 2217 diebus

253 2394 256 2401 '
354 2386 532 2441 &Animam
545 2383 679 2437 Omnibua
694 2383 754 2437 aliia
770 2402 827 2437 me·
869 2384 1129 2447 Iollaiuauotorum
1141 2386 1379 2446 Indicellun—

313 2465 469 2521 dicernentie
480 2464 644 2536 precellens.
664 2465 771 2517 Dauno.
787 2494 828 2507 --
870 2464 976 2518 Euenor.
997 2463 1163 2536 Iampridem
1179 2486 1211 2523 ex
1227 2484 1282 2523 vet.
1296 2472 1379 2527 ondioe

313 2546 450 2600 Am'cetum
457 2536 588 2607 brixnam,
601 2543 743 2606 invictum,
754 2540 828 2613 quod
871 2544 960 2596 locum
977 2545 1051 2597 bunc
1072 2544 1213 2599 Pintianus
1230 2552 1378 2615 refloreret,

313 2625 438 2677 omnibua
456 2620 655 2677 medimmeutia
678 2622 827 2675 antecellet.
872 2638 927 2693 quo
941 2642 1016 2675 nune
1033 2623 1174 2679 exhibetur
1189 2628 1281 2683 malo.
1296 2632 1344 2683 En.

314 2704 376 2758 Nou
384 2704 458 2757 auito
469 2702 497 2754 id
510 2698 684 2764 uomen,aed
693 2702 791 2755 anetho
800 2700 828 2752 iu
915 2700 941 2755 5.
985 2702 1087 2755 Narium
1117 2724 1210 2779 quoque
1242 2712 1379 2764 mundes.

314 2784 430 2847 Notbir,
445 2800 474 2852 p.
485 2782 557 2845 455,
573 2778 830 2834 Pseudo-Diuicori·
874 2780 1052 2834 Cauoeroaum
1077 2783 1166 2848 uleus,
1185 2800 1233 2840 aut
1248 2792 1379 2863 polypum.

315 2861 364 2917 dea
377 2860 508 2915 attribuit.
520 2860 611 2913 ilino.
874 2860 975 2913 unm.
988 2892 1026 2903 --
1044 2862 1157 2916 Narium
1177 2867 1272 2921 Exstat
1291 2890 1320 2924 ea
1335 2890 1380 2924 vox

353 2941 480 2995 LXXIII.
500 2959 525 2993 r.
551 2939 762 2991 adamatam.
788 2938 832 2991 Sic
874 2937 947 3011 apud
965 2940 1098 3006 Celevl,
1115 2941 1151 2995 rle
1165 2946 1279 3019 polypo.
1296 2956 1380 3021 1422.

314 3022 436 3075 Dioaoor.
445 3019 463 3071 l.
475 3020 496 3072 l.
507 3026 608 3072 Auctor
618 3018 681 3071 libri
690 3017 725 3071 de
737 3016 831 3088 simpl.
874 3014 955 3081 aeidnt
971 3021 1042 3091 ἅγιος
1058 3020 1110 3073 hoe
1130 3022 1190 3077 loeo
1204 3026 1380 3100 intelligitura

314 3100 386 3157 med.
397 3099 431 3153 ad
445 3098 649 3162 Paterniauum,
671 3098 716 3168 qui
727 3097 830 3150 Geleuo
874 3097 976 3164 Plinio,
991 3113 1082 3153 tumor
1094 3118 1190 3156 canoro
1205 3105 1318 3172 similia,
1338 3110 1379 3180 qui

314 3179 488 3244 adscribitur,
501 3191 566 3231 tom.
579 3177 734 3249 x111,pag.
748 3175 805 3247 985
821 3193 828 3227 :
876 3179 976 3247 abique
989 3180 1111 3233 exeaione
1125 3196 1173 3235 eat.
1188 3184 1219 3237 In
1233 3186 1311 3242 MSS.
1322 3192 1379 3259 lleg.

315 3284 326 3305 ·
343 3262 455 3313 Auitum
471 3258 604 3329 optimum
622 3268 662 3309 eat
679 3256 829 3313 Creticum.
877 3269 904 3309 et
923 3258 1002 3311 Colb.
1022 3262 1117 3311 nariam
1139 3262 1258 3319 cardian.
1282 3268 1316 3321 Η.

313 3333 834 3408 deindeAEgyptinuuGallicuminertie·
921 3340 947 3390 6.
966 3338 1083 3392 Anrilus.
1114 3342 1184 3394 Cum
1212 3364 1318 3403 roem
1338 3350 1378 3402 ffi.

313 3416 610 3481 timum,ete.·llun.
800 3458 804 3467 .
874 3428 945 3481 tum,
965 3417 1052 3489 inquit
1073 3417 1195 3475 Dioscor.
1216 3426 1270 3484 III,
1287 3430 1339 3491 65,
1355 3442 1377 3482 et

354 3519 381 3551 a.
394 3498 520 3566 Ligustici.
536 3493 636 3557 sativi,
651 3492 688 3546 de
700 3512 755 3565 quo
766 3510 828 3564 cap.
873 3494 1029 3549 inatillntum
1038 3498 1127 3553 stactis
1138 3502 1377 3561 auribusmedetur.

316 3578 437 3632 buitim.
452 3575 499 3628 lib.
513 3574 591 3628 xlx.
605 3576 676 3627 Dan.
874 3576 926 3629 nat
946 3576 1022 3647 ῥήξεις
1042 3574 1072 3631 «li
1096 3585 1146 3631 τῶν
1167 3581 1238 3635 ὤτων
1261 3590 1321 3641 λεῖον
1341 3589 1376 3640 air

356 3657 501 3711 &Dolores
513 3656 600 3724 eapitis
616 3654 688 3705 levet.
701 3649 829 3707 Totidem
874 3650 962 3728 ῥοδίνῳ
975 3658 1132 3729 ive-alipium
1143 3662 1223 3715 terat.
1238 3665 1325 3719 idun.

315 3737 403 3791 verbis
415 3735 504 3788 Dione.
518 3734 538 3788 l.
551 3752 575 3785 o.
591 3732 685 3784 ltno.
916 3754 943 3804 7.
971 3736 1078 3789 Pituitas
1089 3753 1184 3809 purgat
1198 3754 1291 3797 mm.
1309 3746 1375 3800 Cras·

356 3824 383 3880 4.
400 3814 502 3868 Euenor.
521 3816 561 3867 Iti
580 3813 699 3865 unimus
713 3829 730 3863 e
750 3808 829 3863 veeti-
875 3814 1104 3885 soaetpituitosos
1113 3836 1208 3872 aureos
1216 3824 1374 3892 pulmonibus

314 3897 365 3970 giis
385 3892 511 3947 codicum
535 3894 601 3965 lleg.
622 3891 703 3947 Colb.
726 3904 777 3944 etc.
800 3890 829 3942 iu
874 3893 1015 3959 inlarotoa,
1028 3908 1055 3949 et
1068 3894 1179 3951 thoraci.
1201 3900 1271 3955 Du„

316 3976 415 4049 quibua
430 3972 672 4045 Evenemrlogitur.
691 3972 724 4023 In
736 3968 827 4032 editio,
923 3976 949 4027 8.
976 3974 1110 4028 Facillime.
1137 3978 1333 4037 Iucundiseimo
1352 3992 1372 4033 et
1451 4018 1452 4023 =

316 4060 402 4109 evicto
423 4070 572 4126 perperam.
601 4054 642 4105 De
661 4052 784 4104 Iireuoro
803 4062 830 4104 et
874 4053 1011 4107 utiliuimo
1022 4054 1151 4109 remedio.
1167 4056 1234 4113 Du..
1451 4048 1452 4053 ¹
