2925 5009
326 492 404 576 [ρο
588 490 627 557 c,
658 456 832 559 rmum
858 486 971 557 urs.
999 490 1132 558 rust.

325 624 412 692 inter
430 644 464 691 se
485 618 586 716 pedes
601 632 724 690 ternos.
741 622 835 690 Inter
849 644 954 714 grana
970 619 1066 715 digiti
1083 622 1233 692 interesse
1249 620 1377 703 debent3

290 716 307 771 ³
326 727 424 798 simul
447 713 570 823 atque⁸
591 728 654 797 tria
677 726 757 797 folia
774 740 977 821 eruperunt,
998 729 1121 797 sarriri.
1143 728 1377 809 Grendeseunt,

322 860 390 931 quo
421 836 539 930 saepius
563 836 758 903 sarriuntur.
781 832 1098 903 Mutumsoentium⁴⁹
1117 832 1226 905 caules
1244 834 1378 928 depressi

323 944 500 1011 interram
522 940 738 1009 obruuntur:
765 940 812 1009 ite
835 953 973 1009 curetur
996 964 1040 1007 ne
1065 941 1101 1009 in
1120 940 1270 1011 frondem
1294 938 1376 1009 luxu·

321 1048 417 1118 rient.
458 1049 499 1116 In
530 1046 656 1141 frigidis
672 1043 696 1071 ¹⁰
728 1045 840 1117 utilius
868 1069 948 1115 vere
977 1046 1061 1131 seri,
1091 1070 1192 1141 quam
1222 1061 1375 1116 autumno.

321 1155 465 1240 Caetero,
479 1150 657 1223 utodore¹¹
670 1152 934 1235 cursantomnia
943 1151 1015 1221 brec
1026 1152 1273 1245 jubenturseri,
1286 1176 1376 1247 quum

322 1258 400 1329 luna
415 1259 476 1329 sub
495 1274 583 1328 term
599 1260 663 1327 sit:
682 1257 810 1353 colligi,
825 1283 929 1354 quum
949 1260 985 1326 in
999 1260 1100 1327 coitu.
1114 1260 1195 1329 Sine
1211 1259 1263 1345 bis
1273 1257 1296 1283 ¹²
1309 1260 1376 1326 ble-

322 1366 450 1435 nunder
466 1389 484 1434 e
500 1366 627 1435 Graecis
642 1379 761 1434 auctor
778 1379 850 1452 est,
866 1362 978 1435 allium
994 1364 1191 1447 edentibus,
1209 1368 1234 1435 si
1248 1364 1376 1435 radicem

321 1472 407 1541 betae
434 1472 468 1541 in
498 1494 605 1567 pruna
630 1484 751 1541 tostam
779 1468 1027 1566 superederint,
1057 1471 1197 1542 odorem
1220 1472 1375 1564 exstingui

287 1556 304 1614 l
322 1580 408 1648 Sunt
421 1579 478 1673 qui
493 1591 527 1647 et
544 1576 670 1663 ullium,
683 1592 718 1646 et
727 1575 879 1672 ulpicum
891 1564 1217 1671 interCompitulia¹³
1227 1602 1267 1647 sc
1277 1578 1377 1647 Suttu-
1427 1564 1430 1583 ¹

320 1682 409 1755 nulia
431 1684 494 1753 seri
517 1684 684 1777 aptissime
702 1697 832 1778 putent.
853 1682 973 1751 Allium
993 1698 1027 1752 et
1048 1671 1206 1753 semine¹⁴
1225 1683 1375 1779 provenit,

320 1792 378 1863 sed
399 1790 502 1861 tarde.
524 1790 637 1859 Primo
653 1775 774 1859 enim¹⁵
792 1812 882 1859 enno
900 1789 993 1883 porri
1012 1789 1265 1861 crassitudinem
1284 1790 1375 1883 sepite

319 2009 399 2061 grene
411 1990 513 2061 singule
524 1986 601 2060 digiti
615 1988 696 2041 unius
707 1988 834 2043 intervel-
877 2008 987 2043 omnem
999 1988 1115 2043 viridem
1129 1990 1296 2062 superficiem
1307 1987 1374 2041 istor*

319 2071 375 2123 lum
396 2072 430 2123 sit
445 2089 452 2123 :
467 2082 573 2123 ternum
590 2066 688 2139 pedum
702 2068 773 2121 inter
786 2087 835 2122 eu·
876 2087 974 2141 quere,
989 2082 1015 2123 et
1029 2082 1129 2122 terrem
1146 2083 1374 2139 prosterneremu-

319 2152 409 2203 mulos
429 2150 546 2219 singulos
570 2166 576 2199 ε
601 2148 648 2218 qui
669 2148 772 2201 cumuli
796 2148 834 2200 sie
877 2149 984 2216 veniet,
995 2168 1051 2221 qno
1065 2149 1182 2204 vastiore
1193 2151 1279 2222 oepit:
1289 2149 1351 2200 fient
1361 2170 1370 2192 ι

318 2227 835 2301 dispositicistellorumspeoiemqnem·
876 2226 968 2281 llsnn.

319 2308 381 2363 dem
394 2309 520 2362 referunt.
532 2308 653 2377 idemque
663 2308 691 2360 in
703 2306 835 2360 limitibus
921 2324 963 2360 ro.
977 2308 1008 2361 Ie
1016 2308 1129 2377 [ἡμᾶς.
1141 2308 1209 2362 vid
1220 2309 1319 2363 Colum.
1328 2306 1344 2358 l.
1352 2322 1371 2356 r.

319 2388 430 2459 imperii
447 2386 480 2439 nd
500 2386 595 2440 linium
613 2384 762 2439 custodiam
780 2384 833 2439 ed·
919 2404 966 2442 u.
995 2388 1108 2454 Coreto,
1132 2400 1160 2440 ut
1181 2390 1263 2441 odon.
1283 2387 1369 2441 Colum.

320 2486 409 2521 versus
422 2466 585 2521 incursiones
600 2465 715 2519 bostium
729 2466 835 2521 castelle
875 2466 927 2521 loo.
941 2468 987 2521 cit.
1004 2465 1078 2520 «Sed
1088 2466 1311 2539 quendocnmqee
1320 2483 1370 2517 eon·

317 2548 517 2610 sumebantur,
533 2538 715 2615 eliquntinter
730 2564 757 2597 se
778 2543 834 2598 dis·
875 2548 1305 2602 seremus···serssbimus...ut
1322 2545 1370 2597 lunt
1422 2556 1428 2576 ·

318 2642 389 2680 crete
408 2628 535 2697 passibus.
556 2628 713 2694 Anonymus
729 2636 832 2688 enetos,
876 2625 944 2678 inire
960 2638 1059 2679 terrem
1078 2628 1135 2679 sit:
1155 2644 1220 2680 nem
1233 2628 1270 2681 sie
1283 2634 1369 2687 nume

318 2705 353 2759 de
376 2708 456 2759 rebus
478 2705 597 2757 bellicis:
618 2730 628 2750 ι
642 2705 686 2756 Est
704 2717 833 2775 preterea
875 2724 966 2758 rursus
983 2706 1020 2758 sie
1036 2704 1194 2771 recondite,
1212 2706 1369 2761 existimentur

317 2786 388 2839 inter
408 2783 549 2839 commode
569 2784 607 2837 rei
627 2783 741 2853 publiote
760 2784 834 2837 utilis
875 2804 965 2855 neque
983 2785 1104 2838 acerrimi
1125 2788 1230 2857 teporis
1252 2786 1366 2843 exesse.

316 2864 433 2918 limitum
447 2884 527 2928 curu,
541 2864 717 2916 ambientium
733 2864 834 2933 ubique
876 2882 961 2935 neque
976 2864 1160 2918 mandentium
1179 2866 1275 2919 balitus
1291 2860 1367 2917 inodo·

317 2946 385 2998 letus
397 2944 516 3015 Imperii.
532 2944 654 3007 Quorum
669 2943 757 2996 tutele
768 2945 831 2996 ussi·
875 2961 945 2996 rere.
960 2970 971 2991 ι
992 2943 1070 2997 Idem
1095 2945 1176 2999 bebet
1201 2948 1278 2999 Auct-
1297 2942 1365 3011 (isop-

317 3022 370 3077 due
380 3024 475 3077 melius
487 3023 591 3077 crsretts
601 3022 765 3093 prospicient
778 3023 831 3076 :ite
875 3023 895 3076 l.
904 3024 973 3089 111,
985 3042 1010 3076 e.
1026 3023 1076 3077 do:
1088 3008 1196 3097 Ᾰνοσμα
1209 3023 1239 3079 tt
1253 3027 1316 3087 ires,
1327 3032 1364 3072 ete.

317 3118 349 3158 ut
365 3104 479 3157 millenis
492 3102 628 3171 interjecta
641 3102 761 3173 passibus
779 3114 831 3154 ste·
874 3101 975 3155 Pellad.
990 3104 1019 3155 in
1033 3104 1120 3156 Norb.
1135 3116 1155 3157 t.
1169 3110 1198 3159 6.

315 3182 365 3236 bili
388 3202 466 3236 muro
490 3194 517 3235 et
538 3181 694 3233 firmissimis
713 3182 832 3236 turribus
918 3200 963 3235 rs.
978 3181 1036 3234 Sr'ee
1046 3184 1091 3235 tis.
1104 3184 1167 3237 Hoc
1179 3180 1364 3249 sancientum

255 3268 257 3276 ’
316 3264 467 3335 erigentur,
480 3273 554 3314 eto·
573 3261 643 3313 Usus
659 3280 690 3313 ea
705 3279 771 3313 voce
784 3262 830 3312 Li·
873 3278 995 3332 opernm,
1013 3263 1130 3316 sivehec
1145 3264 1364 3335 promptiorem·

315 3343 388 3406 vius,
402 3344 448 3395 lib.
463 3341 556 3405 xvlt,
569 3340 614 3392 ubi
626 3342 769 3392 castellatim
780 3339 831 3392 dis-
873 3340 978 3411 gleetn,
998 3360 1078 3412 quem
1097 3342 1361 3415 proximantium.

311 3425 404 3493 positos
417 3416 480 3474 circa
491 3420 573 3472 collem
586 3419 683 3472 milites
690 3420 735 3472 sit.
743 3420 831 3474 Aliter
873 3431 904 3473 ut
918 3420 971 3473 sint
983 3420 1045 3473 ullis
1060 3420 1152 3475 odoris
1164 3422 1286 3495 expertis.
1297 3418 1325 3470 li

314 3502 366 3555 seri
376 3500 498 3573 precipit
510 3498 679 3554 Colum.lon.
692 3500 737 3551 cit.
754 3499 788 3551 Η.
916 3499 961 3553 ι3.
989 3497 1146 3570 Compitalia.
1174 3504 1207 3555 In
1234 3492 1362 3554 kalendario

356 3583 383 3635 8.
397 3580 476 3635 Simul
492 3592 570 3651 atque.
592 3579 699 3631 Colum.
714 3578 761 3631 lib.
772 3578 829 3645 xt,
872 3579 973 3633 rustico
983 3597 1026 3651 ep.
1039 3579 1146 3635 Gruter.
1159 3598 1221 3654 pag.
1236 3576 1361 3641 133,an

313 3678 371 3732 etp.
388 3662 403 3715 3
420 3678 427 3713 :
446 3685 458 3708 ι
472 3661 561 3724 Quum
575 3670 661 3711 ternus
673 3658 755 3711 libras
765 3658 829 3711 emi·
871 3658 981 3728 pitulie,
995 3673 1070 3713 sexto
1081 3680 1165 3715 nonus
1176 3661 1252 3725 meii3
1261 3661 1361 3712 Serum·

314 3754 407 3794 serunt
416 3740 494 3811 spisse
503 3738 665 3803 ,sarriuntur
677 3755 684 3791 τ
698 3756 761 3789 nem
772 3757 827 3809 quo
870 3737 921 3801 lie,
931 3736 1037 3793 decimo
1048 3752 1122 3794 serto
1136 3740 1260 3796 blendes
1269 3730 1359 3809 J'mss'

313 3822 409 3890 sepius
433 3818 462 3871 id
484 3818 601 3881 iactum,
624 3821 707 3887 majus
728 3818 826 3871 semiue
869 3818 1148 3889 assignenturllno.

312 3899 421 3969 cupiunt
431 3899 633 3950 incrementum.
646 3922 655 3943 ·
671 3896 714 3950 Sic
724 3894 825 3950 Pelied.
915 3905 960 3962 ¹⁴·
975 3900 1069 3951 Allium
1090 3912 1116 3951 ee
1134 3902 1228 3952 mins.
1243 3890 1357 3963 'lbtopltt-

312 3978 340 4029 in
355 3978 447 4043 Novb,
457 3989 477 4029 t.
491 3980 518 4027 6.
530 3974 621 4026 llsnn.
870 3974 938 4030 Hirr.
952 3976 1000 4031 lib.
1014 3978 1083 4044 vlt,
1097 3998 1154 4050 esp.
1169 3986 1194 4042 4.
1211 3978 1294 4029 idun.

354 4077 379 4126 9.
401 4056 620 4107 Maturesccutium.
642 4054 748 4109 Colum.
769 4056 822 4108 loe.
914 4057 958 4111 15.
979 4058 1063 4110 Primo
1080 4063 1151 4113 enisu.
1171 4055 1297 4127 'lbeopbn
1315 4050 1354 4101 lot

311 4135 356 4189 cit.
380 4138 469 4189 «Ante
489 4154 569 4205 quum
589 4134 690 4189 caulem
711 4134 824 4199 fuciunt,
869 4136 913 4188 cit.
930 4133 1020 4189 llsnu.
