<?xml version="1.0" encoding="UTF-8"?>
<!DOCTYPE html PUBLIC "-//W3C//DTD XHTML 1.0 Transitional//EN"
    "http://www.w3.org/TR/xhtml1/DTD/xhtml1-transitional.dtd">
<html xmlns="http://www.w3.org/1999/xhtml" xml:lang="en" lang="en">
 <head>
  <title>
</title>
<meta http-equiv="Content-Type" content="text/html;charset=utf-8" />
  <meta name='ocr-system' content='tesseract 3.04.00' />
  <meta name='ocr-capabilities' content='ocr_page ocr_carea ocr_par ocr_line ocrx_word'/>
</head>
<body>
  <div class='ocr_page' id='page_1' title='image "./caiipliniisecun02unkngoog_0580.png"; bbox 0 0 2925 5009; ppageno 0'>
   <div class='ocr_carea' id='block_1_1' title="bbox 524 521 1190 595">
    <p class='ocr_par' dir='ltr' id='par_1_1' title="bbox 524 521 1190 595">
     <span class='ocr_line' id='line_1_1' title="bbox 524 521 1190 595; baseline 0.005 -4"><span class='ocrx_word' id='word_1_1' title='bbox 524 523 677 591; x_wconf 87' lang='lat' dir='ltr'>LIBER</span> <span class='ocrx_word' id='word_1_2' title='bbox 708 525 789 593; x_wconf 84' lang='lat' dir='ltr'>XX.</span> <span class='ocrx_word' id='word_1_3' title='bbox 1121 521 1190 595; x_wconf 87' lang='grc'>565</span> 
     </span>
    </p>
   </div>
   <div class='ocr_carea' id='block_1_2' title="bbox 118 642 1227 1915">
    <p class='ocr_par' dir='ltr' id='par_1_2' title="bbox 118 642 1227 1915">
     <span class='ocr_line' id='line_1_2' title="bbox 122 642 1192 752; baseline 0.008 -33"><span class='ocrx_word' id='word_1_4' title='bbox 122 665 197 720; x_wconf 88' lang='lat' dir='ltr'>tuos</span> <span class='ocrx_word' id='word_1_5' title='bbox 214 666 351 747; x_wconf 83' lang='lat' dir='ltr'>partus,</span> <span class='ocrx_word' id='word_1_6' title='bbox 366 666 405 721; x_wconf 91' lang='lat' dir='ltr'>ut</span> <span class='ocrx_word' id='word_1_7' title='bbox 418 642 647 749; x_wconf 84' lang='lat' dir='ltr'>Hippocrati⁴⁴</span> <span class='ocrx_word' id='word_1_8' title='bbox 666 654 808 743; x_wconf 78' lang='lat' dir='ltr'>videtur,</span> <span class='ocrx_word' id='word_1_9' title='bbox 828 678 869 723; x_wconf 85' lang='lat' dir='ltr'>ex</span> <span class='ocrx_word' id='word_1_10' title='bbox 891 657 969 723; x_wconf 89' lang='lat' dir='ltr'>vino</span> <span class='ocrx_word' id='word_1_11' title='bbox 988 654 1075 725; x_wconf 93' lang='lat' dir='ltr'>dulci</span> <span class='ocrx_word' id='word_1_12' title='bbox 1095 659 1192 752; x_wconf 87' lang='lat' dir='ltr'>nigro</span> 
     </span>
     <span class='ocr_line' id='line_1_3' title="bbox 119 757 1190 856; baseline 0.007 -31"><span class='ocrx_word' id='word_1_13' title='bbox 119 771 210 850; x_wconf 86' lang='lat' dir='ltr'>pota.</span> <span class='ocrx_word' id='word_1_14' title='bbox 223 761 276 827; x_wconf 89' lang='lat' dir='ltr'>lta</span> <span class='ocrx_word' id='word_1_15' title='bbox 322 784 343 827; x_wconf 86' lang='lat' dir='ltr'>e</span> <span class='ocrx_word' id='word_1_16' title='bbox 361 757 476 827; x_wconf 78' lang='lat' dir='ltr'>illitam</span> <span class='ocrx_word' id='word_1_17' title='bbox 491 775 524 830; x_wconf 89' lang='lat' dir='ltr'>et</span> <span class='ocrx_word' id='word_1_18' title='bbox 544 758 720 831; x_wconf 86' lang='lat' dir='ltr'>vulvarum</span> <span class='ocrx_word' id='word_1_19' title='bbox 735 786 834 831; x_wconf 86' lang='lat' dir='ltr'>causa</span> <span class='ocrx_word' id='word_1_20' title='bbox 849 762 947 830; x_wconf 90' lang='lat' dir='ltr'>etiam</span> <span class='ocrx_word' id='word_1_21' title='bbox 963 760 1190 856; x_wconf 84' lang='lat' dir='ltr'>suffirejubet.</span> 
     </span>
     <span class='ocr_line' id='line_1_4' title="bbox 120 852 1193 961; baseline 0.01 -32"><span class='ocrx_word' id='word_1_22' title='bbox 120 852 278 933; x_wconf 83' lang='lat' dir='ltr'>Diocles⁴</span> <span class='ocrx_word' id='word_1_23' title='bbox 304 882 339 934; x_wconf 91' lang='lat' dir='ltr'>et</span> <span class='ocrx_word' id='word_1_24' title='bbox 350 865 510 935; x_wconf 80' lang='lat' dir='ltr'>cardiacis</span> <span class='ocrx_word' id='word_1_25' title='bbox 522 868 664 961; x_wconf 83' lang='lat' dir='ltr'><strong>imponit</strong></span> <span class='ocrx_word' id='word_1_26' title='bbox 676 894 718 937; x_wconf 80' lang='lat' dir='ltr'>ex</span> <span class='ocrx_word' id='word_1_27' title='bbox 729 882 826 937; x_wconf 87' lang='lat' dir='ltr'>aceto</span> <span class='ocrx_word' id='word_1_28' title='bbox 840 882 874 935; x_wconf 89' lang='lat' dir='ltr'>et</span> <span class='ocrx_word' id='word_1_29' title='bbox 889 865 984 937; x_wconf 86' lang='lat' dir='ltr'>melle</span> <span class='ocrx_word' id='word_1_30' title='bbox 998 892 1074 937; x_wconf 93' lang='lat' dir='ltr'>cum</span> <span class='ocrx_word' id='word_1_31' title='bbox 1088 868 1193 940; x_wconf 80' lang='lat' dir='ltr'>sarius</span> 
     </span>
     <span class='ocr_line' id='line_1_5' title="bbox 119 968 1193 1059; baseline 0.009 -23"><span class='ocrx_word' id='word_1_32' title='bbox 119 968 318 1039; x_wconf 84' lang='lat' dir='ltr'>hordeacea.</span> <span class='ocrx_word' id='word_1_33' title='bbox 335 974 381 1039; x_wconf 88' lang='lat' dir='ltr'>Et</span> <span class='ocrx_word' id='word_1_34' title='bbox 402 986 520 1040; x_wconf 88' lang='lat' dir='ltr'>contra</span> <span class='ocrx_word' id='word_1_35' title='bbox 540 970 638 1041; x_wconf 89' lang='lat' dir='ltr'>ileum</span> <span class='ocrx_word' id='word_1_36' title='bbox 656 972 795 1043; x_wconf 86' lang='lat' dir='ltr'>decocta</span> <span class='ocrx_word' id='word_1_37' title='bbox 807 972 912 1041; x_wconf 87' lang='lat' dir='ltr'>farina</span> <span class='ocrx_word' id='word_1_38' title='bbox 925 974 959 1042; x_wconf 92' lang='lat' dir='ltr'>in</span> <span class='ocrx_word' id='word_1_39' title='bbox 971 972 1067 1059; x_wconf 87' lang='lat' dir='ltr'>oleo,</span> <span class='ocrx_word' id='word_1_40' title='bbox 1082 990 1116 1044; x_wconf 84' lang='lat' dir='ltr'>et</span> <span class='ocrx_word' id='word_1_41' title='bbox 1129 975 1193 1046; x_wconf 84' lang='lat' dir='ltr'>vel·</span> 
     </span>
     <span class='ocr_line' id='line_1_6' title="bbox 119 1072 1192 1173; baseline 0.008 -31"><span class='ocrx_word' id='word_1_42' title='bbox 119 1072 247 1145; x_wconf 87' lang='lat' dir='ltr'>leribus</span> <span class='ocrx_word' id='word_1_43' title='bbox 266 1074 415 1147; x_wconf 87' lang='lat' dir='ltr'>collecta.</span> <span class='ocrx_word' id='word_1_44' title='bbox 434 1076 535 1146; x_wconf 90' lang='lat' dir='ltr'>Multi</span> <span class='ocrx_word' id='word_1_45' title='bbox 550 1102 630 1147; x_wconf 87' lang='lat' dir='ltr'>vero</span> <span class='ocrx_word' id='word_1_46' title='bbox 650 1093 814 1148; x_wconf 79' lang='lat' dir='ltr'>utcontra</span> <span class='ocrx_word' id='word_1_47' title='bbox 828 1076 1021 1173; x_wconf 84' lang='lat' dir='ltr'>purulentas</span> <span class='ocrx_word' id='word_1_48' title='bbox 1042 1105 1192 1151; x_wconf 84' lang='lat' dir='ltr'>exscrea-</span> 
     </span>
     <span class='ocr_line' id='line_1_7' title="bbox 120 1181 1191 1279; baseline 0.008 -31"><span class='ocrx_word' id='word_1_49' title='bbox 120 1182 229 1250; x_wconf 83' lang='lat' dir='ltr'>tiones</span> <span class='ocrx_word' id='word_1_50' title='bbox 246 1183 342 1251; x_wconf 74' lang='lat' dir='ltr'>sicoes</span> <span class='ocrx_word' id='word_1_51' title='bbox 357 1181 533 1253; x_wconf 75' lang='lat' dir='ltr'>drachmas</span> <span class='ocrx_word' id='word_1_52' title='bbox 548 1184 650 1270; x_wconf 87' lang='lat' dir='ltr'>duas,</span> <span class='ocrx_word' id='word_1_53' title='bbox 664 1184 832 1279; x_wconf 87' lang='lat' dir='ltr'><strong>sulphuris</strong></span> <span class='ocrx_word' id='word_1_54' title='bbox 850 1208 949 1253; x_wconf 87' lang='lat' dir='ltr'>unam</span> <span class='ocrx_word' id='word_1_55' title='bbox 966 1200 1001 1253; x_wconf 90' lang='lat' dir='ltr'>et</span> <span class='ocrx_word' id='word_1_56' title='bbox 1020 1184 1191 1257; x_wconf 84' lang='lat' dir='ltr'>dimidiam</span> 
     </span>
     <span class='ocr_line' id='line_1_8' title="bbox 119 1289 1193 1368; baseline 0.007 -13"><span class='ocrx_word' id='word_1_57' title='bbox 119 1289 208 1356; x_wconf 89' lang='lat' dir='ltr'>sumi</span> <span class='ocrx_word' id='word_1_58' title='bbox 225 1303 385 1358; x_wconf 82' lang='lat' dir='ltr'>censent:</span> <span class='ocrx_word' id='word_1_59' title='bbox 403 1304 438 1358; x_wconf 89' lang='lat' dir='ltr'>et</span> <span class='ocrx_word' id='word_1_60' title='bbox 457 1301 574 1358; x_wconf 88' lang='lat' dir='ltr'>contra</span> <span class='ocrx_word' id='word_1_61' title='bbox 589 1306 758 1368; x_wconf 78' lang='lat' dir='ltr'>cruentas,</span> <span class='ocrx_word' id='word_1_62' title='bbox 773 1314 885 1359; x_wconf 85' lang='lat' dir='ltr'>ramos</span> <span class='ocrx_word' id='word_1_63' title='bbox 905 1305 971 1360; x_wconf 87' lang='lat' dir='ltr'>tres</span> <span class='ocrx_word' id='word_1_64' title='bbox 989 1292 1023 1360; x_wconf 92' lang='lat' dir='ltr'>in</span> <span class='ocrx_word' id='word_1_65' title='bbox 1044 1294 1123 1361; x_wconf 87' lang='lat' dir='ltr'>vino</span> <span class='ocrx_word' id='word_1_66' title='bbox 1140 1293 1193 1363; x_wconf 88' lang='lat' dir='ltr'>de·</span> 
     </span>
     <span class='ocr_line' id='line_1_9' title="bbox 119 1393 1227 1488; baseline 0.01 -26"><span class='ocrx_word' id='word_1_67' title='bbox 119 1407 246 1462; x_wconf 88' lang='lat' dir='ltr'>coctos.</span> <span class='ocrx_word' id='word_1_68' title='bbox 266 1396 375 1463; x_wconf 92' lang='lat' dir='ltr'>Datur</span> <span class='ocrx_word' id='word_1_69' title='bbox 388 1410 425 1464; x_wconf 91' lang='lat' dir='ltr'>et</span> <span class='ocrx_word' id='word_1_70' title='bbox 438 1393 653 1488; x_wconf 80' lang='lat' dir='ltr'>dysentericis</span> <span class='ocrx_word' id='word_1_71' title='bbox 668 1421 745 1466; x_wconf 91' lang='lat' dir='ltr'>cum</span> <span class='ocrx_word' id='word_1_72' title='bbox 764 1419 861 1464; x_wconf 80' lang='lat' dir='ltr'>caseo</span> <span class='ocrx_word' id='word_1_73' title='bbox 882 1396 917 1464; x_wconf 90' lang='lat' dir='ltr'>in</span> <span class='ocrx_word' id='word_1_74' title='bbox 937 1398 1015 1467; x_wconf 85' lang='lat' dir='ltr'>vino</span> <span class='ocrx_word' id='word_1_75' title='bbox 1038 1400 1190 1467; x_wconf 71' lang='lat' dir='ltr'>contrita</span> <span class='ocrx_word' id='word_1_76' title='bbox 1210 1420 1227 1473; x_wconf 85' lang='lat' dir='ltr'>t</span> 
     </span>
     <span class='ocr_line' id='line_1_10' title="bbox 120 1486 1194 1597; baseline 0.006 -30"><span class='ocrx_word' id='word_1_77' title='bbox 120 1486 330 1569; x_wconf 81' lang='lat' dir='ltr'>Dedenrut⁴⁶</span> <span class='ocrx_word' id='word_1_78' title='bbox 351 1516 482 1571; x_wconf 88' lang='lat' dir='ltr'>etcum</span> <span class='ocrx_word' id='word_1_79' title='bbox 511 1501 673 1570; x_wconf 80' lang='lat' dir='ltr'>bitumine</span> <span class='ocrx_word' id='word_1_80' title='bbox 701 1502 867 1571; x_wconf 72' lang='lat' dir='ltr'>infriatam</span> <span class='ocrx_word' id='word_1_81' title='bbox 900 1504 1026 1596; x_wconf 91' lang='lat' dir='ltr'>potioni</span> <span class='ocrx_word' id='word_1_82' title='bbox 1056 1518 1194 1597; x_wconf 90' lang='lat' dir='ltr'>propter</span> 
     </span>
     <span class='ocr_line' id='line_1_11' title="bbox 118 1604 1192 1701; baseline 0.006 -28"><span class='ocrx_word' id='word_1_83' title='bbox 118 1604 316 1674; x_wconf 84' lang='lat' dir='ltr'>anhelitum.</span> <span class='ocrx_word' id='word_1_84' title='bbox 338 1608 388 1675; x_wconf 83' lang='lat' dir='ltr'>Er</span> <span class='ocrx_word' id='word_1_85' title='bbox 412 1606 480 1675; x_wconf 91' lang='lat' dir='ltr'>alto</span> <span class='ocrx_word' id='word_1_86' title='bbox 499 1606 599 1701; x_wconf 82' lang='lat' dir='ltr'>lapsis</span> <span class='ocrx_word' id='word_1_87' title='bbox 619 1609 752 1677; x_wconf 87' lang='lat' dir='ltr'>seminis</span> <span class='ocrx_word' id='word_1_88' title='bbox 769 1622 835 1676; x_wconf 90' lang='lat' dir='ltr'>tres</span> <span class='ocrx_word' id='word_1_89' title='bbox 859 1610 983 1677; x_wconf 90' lang='lat' dir='ltr'>uncias.</span> <span class='ocrx_word' id='word_1_90' title='bbox 1010 1608 1085 1679; x_wconf 91' lang='lat' dir='ltr'>Olei</span> <span class='ocrx_word' id='word_1_91' title='bbox 1109 1609 1192 1679; x_wconf 89' lang='lat' dir='ltr'>libra</span> 
     </span>
     <span class='ocr_line' id='line_1_12' title="bbox 119 1712 1192 1808; baseline 0.008 -31"><span class='ocrx_word' id='word_1_92' title='bbox 119 1714 256 1806; x_wconf 83' lang='lat' dir='ltr'>vinique</span> <span class='ocrx_word' id='word_1_93' title='bbox 281 1714 425 1781; x_wconf 84' lang='lat' dir='ltr'>sextario</span> <span class='ocrx_word' id='word_1_94' title='bbox 450 1712 587 1782; x_wconf 83' lang='lat' dir='ltr'>illinitur</span> <span class='ocrx_word' id='word_1_95' title='bbox 608 1739 685 1783; x_wconf 91' lang='lat' dir='ltr'>cum</span> <span class='ocrx_word' id='word_1_96' title='bbox 707 1712 782 1783; x_wconf 82' lang='lat' dir='ltr'>oleo</span> <span class='ocrx_word' id='word_1_97' title='bbox 805 1715 909 1783; x_wconf 90' lang='lat' dir='ltr'>coctis</span> <span class='ocrx_word' id='word_1_98' title='bbox 935 1714 1021 1783; x_wconf 88' lang='lat' dir='ltr'>foliis</span> <span class='ocrx_word' id='word_1_99' title='bbox 1041 1716 1192 1808; x_wconf 86' lang='lat' dir='ltr'>partibus</span> 
     </span>
     <span class='ocr_line' id='line_1_13' title="bbox 118 1808 1191 1915; baseline 0.005 -29"><span class='ocrx_word' id='word_1_100' title='bbox 118 1842 202 1911; x_wconf 86' lang='lat' dir='ltr'>quas</span> <span class='ocrx_word' id='word_1_101' title='bbox 223 1818 328 1912; x_wconf 83' lang='lat' dir='ltr'>frigus</span> <span class='ocrx_word' id='word_1_102' title='bbox 348 1818 520 1888; x_wconf 81' lang='lat' dir='ltr'>adusserit.</span> <span class='ocrx_word' id='word_1_103' title='bbox 543 1821 576 1887; x_wconf 90' lang='lat' dir='ltr'>Si</span> <span class='ocrx_word' id='word_1_104' title='bbox 595 1822 726 1888; x_wconf 87' lang='lat' dir='ltr'>urinam</span> <span class='ocrx_word' id='word_1_105' title='bbox 739 1808 763 1859; x_wconf 86' lang='lat'>‘¹⁷</span> <span class='ocrx_word' id='word_1_106' title='bbox 787 1834 917 1901; x_wconf 84' lang='lat' dir='ltr'>movet,</span> <span class='ocrx_word' id='word_1_107' title='bbox 936 1834 974 1889; x_wconf 92' lang='lat' dir='ltr'>ut</span> <span class='ocrx_word' id='word_1_108' title='bbox 997 1822 1191 1915; x_wconf 89' lang='lat' dir='ltr'>Hippocrati</span> 
     </span>
    </p>
   </div>
   <div class='ocr_carea' id='block_1_3' title="bbox 117 1911 1222 2446">
    <p class='ocr_par' dir='ltr' id='par_1_3' title="bbox 117 1911 1222 2446">
     <span class='ocr_line' id='line_1_14' title="bbox 117 1911 1190 2021; baseline 0.005 -31"><span class='ocrx_word' id='word_1_109' title='bbox 117 1923 263 2007; x_wconf 80' lang='lat' dir='ltr'>videtur,</span> <span class='ocrx_word' id='word_1_110' title='bbox 282 1926 404 1993; x_wconf 89' lang='lat' dir='ltr'>mirum</span> <span class='ocrx_word' id='word_1_111' title='bbox 411 1911 437 1955; x_wconf 72' lang='lat'>⁴⁸</span> <span class='ocrx_word' id='word_1_112' title='bbox 450 1938 501 1994; x_wconf 88' lang='lat' dir='ltr'>est</span> <span class='ocrx_word' id='word_1_113' title='bbox 518 1923 681 2019; x_wconf 84' lang='lat' dir='ltr'>quosdam</span> <span class='ocrx_word' id='word_1_114' title='bbox 698 1926 779 1995; x_wconf 85' lang='lat' dir='ltr'>dare</span> <span class='ocrx_word' id='word_1_115' title='bbox 797 1924 888 1993; x_wconf 88' lang='lat' dir='ltr'>velut</span> <span class='ocrx_word' id='word_1_116' title='bbox 902 1925 1104 1995; x_wconf 82' lang='lat' dir='ltr'>inhibentem</span> <span class='ocrx_word' id='word_1_117' title='bbox 1126 1952 1190 2021; x_wconf 90' lang='lat' dir='ltr'>po-</span> 
     </span>
     <span class='ocr_line' id='line_1_15' title="bbox 117 2029 1189 2125; baseline 0.004 -28"><span class='ocrx_word' id='word_1_118' title='bbox 117 2031 183 2113; x_wconf 84' lang='lat' dir='ltr'>tui,</span> <span class='ocrx_word' id='word_1_119' title='bbox 208 2044 326 2099; x_wconf 89' lang='lat' dir='ltr'>contra</span> <span class='ocrx_word' id='word_1_120' title='bbox 350 2032 621 2101; x_wconf 83' lang='lat' dir='ltr'>incontinentiam</span> <span class='ocrx_word' id='word_1_121' title='bbox 645 2032 758 2101; x_wconf 78' lang='lat' dir='ltr'>urinae.</span> <span class='ocrx_word' id='word_1_122' title='bbox 787 2032 903 2099; x_wconf 88' lang='lat' dir='ltr'>Psoras</span> <span class='ocrx_word' id='word_1_123' title='bbox 925 2046 959 2099; x_wconf 92' lang='lat' dir='ltr'>ct</span> <span class='ocrx_word' id='word_1_124' title='bbox 981 2029 1089 2125; x_wconf 89' lang='lat' dir='ltr'>lepras</span> <span class='ocrx_word' id='word_1_125' title='bbox 1112 2057 1189 2101; x_wconf 91' lang='lat' dir='ltr'>cum</span> 
     </span>
     <span class='ocr_line' id='line_1_16' title="bbox 117 2123 1189 2230; baseline 0.003 -27"><span class='ocrx_word' id='word_1_126' title='bbox 117 2134 217 2205; x_wconf 87' lang='lat' dir='ltr'>melle</span> <span class='ocrx_word' id='word_1_127' title='bbox 237 2152 272 2205; x_wconf 87' lang='lat' dir='ltr'>et</span> <span class='ocrx_word' id='word_1_128' title='bbox 291 2136 438 2205; x_wconf 90' lang='lat' dir='ltr'>alumine</span> <span class='ocrx_word' id='word_1_129' title='bbox 459 2135 540 2205; x_wconf 89' lang='lat' dir='ltr'>illita</span> <span class='ocrx_word' id='word_1_130' title='bbox 566 2136 729 2206; x_wconf 84' lang='lat' dir='ltr'>emendat</span> <span class='ocrx_word' id='word_1_131' title='bbox 755 2123 874 2205; x_wconf 68' lang='lat' dir='ltr'>ltenr⁴⁹</span> <span class='ocrx_word' id='word_1_132' title='bbox 894 2135 1089 2230; x_wconf 86' lang='lat' dir='ltr'>vitiligines,</span> <span class='ocrx_word' id='word_1_133' title='bbox 1115 2162 1189 2206; x_wconf 87' lang='lat' dir='ltr'>ver·</span> 
     </span>
     <span class='ocr_line' id='line_1_17' title="bbox 117 2241 1189 2337; baseline 0.006 -29"><span class='ocrx_word' id='word_1_134' title='bbox 117 2265 236 2327; x_wconf 75' lang='lat' dir='ltr'>rums,</span> <span class='ocrx_word' id='word_1_135' title='bbox 255 2256 415 2325; x_wconf 83' lang='lat' dir='ltr'>strumas,</span> <span class='ocrx_word' id='word_1_136' title='bbox 433 2257 468 2311; x_wconf 89' lang='lat' dir='ltr'>et</span> <span class='ocrx_word' id='word_1_137' title='bbox 486 2241 624 2322; x_wconf 89' lang='lat' dir='ltr'>similia,</span> <span class='ocrx_word' id='word_1_138' title='bbox 650 2267 725 2311; x_wconf 91' lang='lat' dir='ltr'>cum</span> <span class='ocrx_word' id='word_1_139' title='bbox 748 2242 897 2311; x_wconf 90' lang='lat' dir='ltr'>striehuo</span> <span class='ocrx_word' id='word_1_140' title='bbox 916 2256 950 2310; x_wconf 92' lang='lat' dir='ltr'>et</span> <span class='ocrx_word' id='word_1_141' title='bbox 972 2241 1069 2337; x_wconf 86' lang='lat' dir='ltr'>adipe</span> <span class='ocrx_word' id='word_1_142' title='bbox 1091 2244 1189 2314; x_wconf 90' lang='lat' dir='ltr'>suillo</span> 
     </span>
     <span class='ocr_line' id='line_1_18' title="bbox 117 2334 1222 2446; baseline 0.004 -31"><span class='ocrx_word' id='word_1_143' title='bbox 117 2370 158 2417; x_wconf 89' lang='lat' dir='ltr'>ac</span> <span class='ocrx_word' id='word_1_144' title='bbox 180 2350 313 2417; x_wconf 91' lang='lat' dir='ltr'>taurino</span> <span class='ocrx_word' id='word_1_145' title='bbox 330 2372 418 2418; x_wconf 89' lang='lat' dir='ltr'>sevo.</span> <span class='ocrx_word' id='word_1_146' title='bbox 442 2349 527 2417; x_wconf 89' lang='lat' dir='ltr'>Item</span> <span class='ocrx_word' id='word_1_147' title='bbox 547 2334 691 2443; x_wconf 83' lang='lat' dir='ltr'>ignem⁵⁰</span> <span class='ocrx_word' id='word_1_148' title='bbox 708 2372 839 2417; x_wconf 91' lang='lat' dir='ltr'>sacrum</span> <span class='ocrx_word' id='word_1_149' title='bbox 861 2372 901 2417; x_wconf 82' lang='lat' dir='ltr'>ex</span> <span class='ocrx_word' id='word_1_150' title='bbox 922 2362 1017 2417; x_wconf 90' lang='lat' dir='ltr'>aceto</span> <span class='ocrx_word' id='word_1_151' title='bbox 1039 2364 1073 2419; x_wconf 88' lang='lat' dir='ltr'>ct</span> <span class='ocrx_word' id='word_1_152' title='bbox 1096 2350 1186 2435; x_wconf 82' lang='lat' dir='ltr'>oleo,</span> <span class='ocrx_word' id='word_1_153' title='bbox 1206 2396 1222 2446; x_wconf 87' lang='lat'><em>9</em></span> 
     </span>
    </p>
   </div>
   <div class='ocr_carea' id='block_1_4' title="bbox 110 2554 1188 4213">
    <p class='ocr_par' dir='ltr' id='par_1_4' title="bbox 110 2554 1188 4213">
     <span class='ocr_line' id='line_1_19' title="bbox 115 2554 1187 2627; baseline 0.003 -18"><span class='ocrx_word' id='word_1_154' title='bbox 115 2554 285 2611; x_wconf 77' lang='lat' dir='ltr'>liberabitur.</span> <span class='ocrx_word' id='word_1_155' title='bbox 297 2582 309 2605; x_wconf 78' lang='grc' dir='ltr'>ι</span> <span class='ocrx_word' id='word_1_156' title='bbox 323 2556 399 2611; x_wconf 78' lang='lat' dir='ltr'>udde</span> <span class='ocrx_word' id='word_1_157' title='bbox 412 2570 439 2611; x_wconf 82' lang='lat' dir='ltr'>et</span> <span class='ocrx_word' id='word_1_158' title='bbox 453 2557 575 2611; x_wconf 80' lang='lat' dir='ltr'>Dioscor.</span> <span class='ocrx_word' id='word_1_159' title='bbox 585 2556 633 2609; x_wconf 88' lang='lat' dir='ltr'>lib.</span> <span class='ocrx_word' id='word_1_160' title='bbox 676 2556 815 2627; x_wconf 77' lang='lat' dir='ltr'>phthisicis</span> <span class='ocrx_word' id='word_1_161' title='bbox 825 2558 1121 2625; x_wconf 82' lang='lat' dir='ltr'>celeriter‚similiteret</span> <span class='ocrx_word' id='word_1_162' title='bbox 1131 2578 1187 2614; x_wconf 80' lang='lat' dir='ltr'>em·</span> 
     </span>
     <span class='ocr_line' id='line_1_20' title="bbox 115 2636 1136 2709; baseline 0.002 -20"><span class='ocrx_word' id='word_1_163' title='bbox 115 2636 175 2699; x_wconf 90' lang='lat'>111,</span> <span class='ocrx_word' id='word_1_164' title='bbox 188 2656 248 2709; x_wconf 78' lang='lat' dir='ltr'>csp.</span> <span class='ocrx_word' id='word_1_165' title='bbox 262 2636 310 2691; x_wconf 75' lang='lat'>⁵2.</span> <span class='ocrx_word' id='word_1_166' title='bbox 324 2637 417 2691; x_wconf 72' lang='lat' dir='ltr'>lirun.</span> <span class='ocrx_word' id='word_1_167' title='bbox 676 2636 776 2709; x_wconf 82' lang='lat' dir='ltr'>pyricis</span> <span class='ocrx_word' id='word_1_168' title='bbox 792 2637 820 2688; x_wconf 92' lang='lat' dir='ltr'>in</span> <span class='ocrx_word' id='word_1_169' title='bbox 837 2650 903 2707; x_wconf 90' lang='lat' dir='ltr'>potu</span> <span class='ocrx_word' id='word_1_170' title='bbox 920 2636 1051 2693; x_wconf 84' lang='lat' dir='ltr'>medetur.</span> <span class='ocrx_word' id='word_1_171' title='bbox 1071 2665 1083 2688; x_wconf 78' lang='grc' dir='ltr'>ι</span> <span class='ocrx_word' id='word_1_172' title='bbox 1100 2640 1136 2691; x_wconf 86' lang='lat' dir='ltr'>H·</span> 
     </span>
     <span class='ocr_line' id='line_1_21' title="bbox 158 2714 1188 2789; baseline 0.002 -20"><span class='ocrx_word' id='word_1_173' title='bbox 158 2721 207 2779; x_wconf 64' lang='grc'>44.</span> <span class='ocrx_word' id='word_1_174' title='bbox 237 2717 272 2769; x_wconf 81' lang='lat' dir='ltr'>Ut</span> <span class='ocrx_word' id='word_1_175' title='bbox 291 2718 447 2787; x_wconf 75' lang='lat' dir='ltr'>Hippocrati.</span> <span class='ocrx_word' id='word_1_176' title='bbox 475 2717 514 2769; x_wconf 86' lang='lat' dir='ltr'>De</span> <span class='ocrx_word' id='word_1_177' title='bbox 541 2716 631 2771; x_wconf 79' lang='lat' dir='ltr'>Morb.</span> <span class='ocrx_word' id='word_1_178' title='bbox 717 2722 764 2786; x_wconf 71' lang='lat'>47.</span> <span class='ocrx_word' id='word_1_179' title='bbox 774 2714 911 2769; x_wconf 80' lang='lat' dir='ltr'>Sinrt&#39;nars.</span> <span class='ocrx_word' id='word_1_180' title='bbox 921 2718 1050 2789; x_wconf 85' lang='lat' dir='ltr'>llippocr.</span> <span class='ocrx_word' id='word_1_181' title='bbox 1059 2717 1188 2784; x_wconf 70' lang='lat' dir='ltr'>deditus,</span> 
     </span>
     <span class='ocr_line' id='line_1_22' title="bbox 115 2794 1143 2867; baseline 0.002 -20"><span class='ocrx_word' id='word_1_182' title='bbox 115 2796 183 2848; x_wconf 84' lang='lat' dir='ltr'>mul.</span> <span class='ocrx_word' id='word_1_183' title='bbox 197 2797 230 2862; x_wconf 89' lang='grc' dir='ltr'>Ι,</span> <span class='ocrx_word' id='word_1_184' title='bbox 250 2800 315 2851; x_wconf 80' lang='lat' dir='ltr'>nt.</span> <span class='ocrx_word' id='word_1_185' title='bbox 329 2796 388 2849; x_wconf 75' lang='lat' dir='ltr'>Alia</span> <span class='ocrx_word' id='word_1_186' title='bbox 398 2796 548 2867; x_wconf 81' lang='lat' dir='ltr'>expulsoria</span> <span class='ocrx_word' id='word_1_187' title='bbox 559 2796 631 2848; x_wconf 86' lang='lat' dir='ltr'>idem</span> <span class='ocrx_word' id='word_1_188' title='bbox 674 2797 717 2861; x_wconf 88' lang='lat' dir='ltr'>ll,</span> <span class='ocrx_word' id='word_1_189' title='bbox 734 2800 780 2851; x_wconf 78' lang='lat'>26.</span> <span class='ocrx_word' id='word_1_190' title='bbox 796 2794 955 2849; x_wconf 83' lang='lat' dir='ltr'>H.-Grou.</span> <span class='ocrx_word' id='word_1_191' title='bbox 966 2800 988 2849; x_wconf 84' lang='lat' dir='ltr'>si</span> <span class='ocrx_word' id='word_1_192' title='bbox 998 2800 1078 2849; x_wconf 83' lang='lat' dir='ltr'>urina.</span> <span class='ocrx_word' id='word_1_193' title='bbox 1091 2798 1143 2849; x_wconf 90' lang='lat' dir='ltr'>Eu.</span> 
     </span>
     <span class='ocr_line' id='line_1_23' title="bbox 114 2875 1181 2947; baseline 0.004 -20"><span class='ocrx_word' id='word_1_194' title='bbox 114 2875 211 2935; x_wconf 73' lang='lat' dir='ltr'>affert,</span> <span class='ocrx_word' id='word_1_195' title='bbox 230 2894 289 2947; x_wconf 76' lang='lat' dir='ltr'>cap.</span> <span class='ocrx_word' id='word_1_196' title='bbox 308 2892 370 2928; x_wconf 81' lang='lat' dir='ltr'>rto.</span> <span class='ocrx_word' id='word_1_197' title='bbox 383 2876 574 2946; x_wconf 81' lang='lat' dir='ltr'>Hippocratem</span> <span class='ocrx_word' id='word_1_198' title='bbox 589 2894 631 2928; x_wconf 88' lang='lat' dir='ltr'>ss·</span> <span class='ocrx_word' id='word_1_199' title='bbox 715 2878 761 2940; x_wconf 72' lang='grc'>48.</span> <span class='ocrx_word' id='word_1_200' title='bbox 779 2876 879 2928; x_wconf 82' lang='lat' dir='ltr'>Mirum.</span> <span class='ocrx_word' id='word_1_201' title='bbox 889 2876 964 2939; x_wconf 89' lang='lat' dir='ltr'>Quos</span> <span class='ocrx_word' id='word_1_202' title='bbox 978 2876 1066 2929; x_wconf 87' lang='lat' dir='ltr'>Diosc.</span> <span class='ocrx_word' id='word_1_203' title='bbox 1080 2878 1181 2939; x_wconf 42' lang='lat' dir='ltr'>lllsbs</span> 
     </span>
     <span class='ocr_line' id='line_1_24' title="bbox 115 2949 903 3026; baseline 0 -20"><span class='ocrx_word' id='word_1_204' title='bbox 115 2949 211 3025; x_wconf 84' lang='lat' dir='ltr'>quitur</span> <span class='ocrx_word' id='word_1_205' title='bbox 223 2956 312 3008; x_wconf 82' lang='lat' dir='ltr'>Diues.</span> <span class='ocrx_word' id='word_1_206' title='bbox 324 2954 343 3006; x_wconf 92' lang='grc'>1.</span> <span class='ocrx_word' id='word_1_207' title='bbox 358 2974 381 3008; x_wconf 86' lang='lat' dir='ltr'>e.</span> <span class='ocrx_word' id='word_1_208' title='bbox 393 2956 630 3008; x_wconf 63' lang='lat' dir='ltr'>flurs-utum</span> <span class='ocrx_word' id='word_1_209' title='bbox 672 2956 800 3026; x_wconf 79' lang='lat' dir='ltr'>sequitur.</span> <span class='ocrx_word' id='word_1_210' title='bbox 812 2954 903 3011; x_wconf 70' lang='lat' dir='ltr'>lirun.</span> 
     </span>
     <span class='ocr_line' id='line_1_25' title="bbox 114 3032 1142 3105; baseline 0.003 -21"><span class='ocrx_word' id='word_1_211' title='bbox 114 3045 170 3087; x_wconf 74' lang='lat' dir='ltr'>et...</span> <span class='ocrx_word' id='word_1_212' title='bbox 184 3032 352 3103; x_wconf 59' lang='lat' dir='ltr'>suffimVet.</span> <span class='ocrx_word' id='word_1_213' title='bbox 367 3033 441 3105; x_wconf 75' lang='lat' dir='ltr'>apud</span> <span class='ocrx_word' id='word_1_214' title='bbox 459 3034 549 3087; x_wconf 78' lang='lat' dir='ltr'>nnec.</span> <span class='ocrx_word' id='word_1_215' title='bbox 566 3035 631 3088; x_wconf 69' lang='lat' dir='ltr'>utut</span> <span class='ocrx_word' id='word_1_216' title='bbox 713 3042 761 3104; x_wconf 67' lang='lat'>49.</span> <span class='ocrx_word' id='word_1_217' title='bbox 782 3036 850 3087; x_wconf 77' lang='lat' dir='ltr'>Item.</span> <span class='ocrx_word' id='word_1_218' title='bbox 878 3034 997 3087; x_wconf 86' lang='lat' dir='ltr'>Dioscor.</span> <span class='ocrx_word' id='word_1_219' title='bbox 1020 3035 1038 3091; x_wconf 87' lang='lat' dir='ltr'>l.</span> <span class='ocrx_word' id='word_1_220' title='bbox 1062 3054 1085 3091; x_wconf 84' lang='lat' dir='ltr'>c.</span> <span class='ocrx_word' id='word_1_221' title='bbox 1108 3035 1142 3087; x_wconf 84' lang='lat' dir='ltr'>ll.</span> 
     </span>
     <span class='ocr_line' id='line_1_26' title="bbox 114 3112 1182 3185; baseline 0.004 -21"><span class='ocrx_word' id='word_1_222' title='bbox 114 3126 167 3168; x_wconf 83' lang='lat' dir='ltr'>et...</span> <span class='ocrx_word' id='word_1_223' title='bbox 176 3112 259 3184; x_wconf 61' lang='lat' dir='ltr'>suffiri</span> <span class='ocrx_word' id='word_1_224' title='bbox 266 3114 343 3183; x_wconf 79' lang='lat' dir='ltr'>jubet.</span> <span class='ocrx_word' id='word_1_225' title='bbox 359 3114 410 3167; x_wconf 81' lang='lat' dir='ltr'>Eu.</span> <span class='ocrx_word' id='word_1_226' title='bbox 715 3116 758 3167; x_wconf 80' lang='lat'>50.</span> <span class='ocrx_word' id='word_1_227' title='bbox 771 3116 830 3167; x_wconf 81' lang='lat' dir='ltr'>Itcrn</span> <span class='ocrx_word' id='word_1_228' title='bbox 840 3118 927 3183; x_wconf 64' lang='lat' dir='ltr'>iguem.</span> <span class='ocrx_word' id='word_1_229' title='bbox 939 3113 1023 3167; x_wconf 85' lang='lat' dir='ltr'>Marc.</span> <span class='ocrx_word' id='word_1_230' title='bbox 1037 3114 1182 3185; x_wconf 77' lang='lat' dir='ltr'>Empcup.</span> 
     </span>
     <span class='ocr_line' id='line_1_27' title="bbox 158 3192 1180 3264; baseline 0.001 -19"><span class='ocrx_word' id='word_1_231' title='bbox 158 3193 206 3257; x_wconf 72' lang='grc'>45.</span> <span class='ocrx_word' id='word_1_232' title='bbox 220 3194 327 3247; x_wconf 79' lang='lat' dir='ltr'>Diocles.</span> <span class='ocrx_word' id='word_1_233' title='bbox 341 3192 439 3245; x_wconf 88' lang='lat' dir='ltr'>lisdem</span> <span class='ocrx_word' id='word_1_234' title='bbox 452 3193 541 3246; x_wconf 80' lang='lat' dir='ltr'>verbis</span> <span class='ocrx_word' id='word_1_235' title='bbox 557 3193 628 3247; x_wconf 87' lang='lat' dir='ltr'>Pliu.</span> <span class='ocrx_word' id='word_1_236' title='bbox 672 3212 717 3255; x_wconf 83' lang='lat' dir='ltr'>tv,</span> <span class='ocrx_word' id='word_1_237' title='bbox 738 3192 783 3246; x_wconf 84' lang='lat' dir='ltr'>sod</span> <span class='ocrx_word' id='word_1_238' title='bbox 798 3212 848 3263; x_wconf 85' lang='lat' dir='ltr'>pro</span> <span class='ocrx_word' id='word_1_239' title='bbox 868 3193 1045 3264; x_wconf 74' lang='lat' dir='ltr'>psimmythio,</span> <span class='ocrx_word' id='word_1_240' title='bbox 1063 3194 1118 3245; x_wconf 85' lang='lat' dir='ltr'>sive</span> <span class='ocrx_word' id='word_1_241' title='bbox 1138 3212 1180 3246; x_wconf 91' lang='lat' dir='ltr'>ce·</span> 
     </span>
     <span class='ocr_line' id='line_1_28' title="bbox 115 3271 1181 3343; baseline 0.003 -20"><span class='ocrx_word' id='word_1_242' title='bbox 115 3273 178 3325; x_wconf 83' lang='lat' dir='ltr'>Val.</span> <span class='ocrx_word' id='word_1_243' title='bbox 195 3273 252 3335; x_wconf 85' lang='lat'><em>111.</em></span> <span class='ocrx_word' id='word_1_244' title='bbox 274 3289 318 3325; x_wconf 84' lang='lat' dir='ltr'>rr.</span> <span class='ocrx_word' id='word_1_245' title='bbox 346 3274 425 3343; x_wconf 76' lang='lat' dir='ltr'>Apul.</span> <span class='ocrx_word' id='word_1_246' title='bbox 445 3290 628 3343; x_wconf 83' lang='lat' dir='ltr'>quoquecup.</span> <span class='ocrx_word' id='word_1_247' title='bbox 671 3290 762 3335; x_wconf 76' lang='lat' dir='ltr'>rursu,</span> <span class='ocrx_word' id='word_1_248' title='bbox 787 3274 888 3341; x_wconf 73' lang='lat' dir='ltr'>argenti</span> <span class='ocrx_word' id='word_1_249' title='bbox 916 3290 1040 3343; x_wconf 83' lang='lat' dir='ltr'>spumam</span> <span class='ocrx_word' id='word_1_250' title='bbox 1064 3271 1181 3329; x_wconf 85' lang='lat' dir='ltr'>adhibet.</span> 
     </span>
     <span class='ocr_line' id='line_1_29' title="bbox 114 3349 1181 3423; baseline 0.003 -19"><span class='ocrx_word' id='word_1_251' title='bbox 114 3370 225 3416; x_wconf 75' lang='lat' dir='ltr'>uxum,</span> <span class='ocrx_word' id='word_1_252' title='bbox 232 3352 271 3405; x_wconf 86' lang='lat' dir='ltr'>tit.</span> <span class='ocrx_word' id='word_1_253' title='bbox 280 3354 309 3405; x_wconf 83' lang='lat'>8:</span> <span class='ocrx_word' id='word_1_254' title='bbox 320 3349 629 3407; x_wconf 76' lang='lat' dir='ltr'>«Adcardiaooszllerbu</span> <span class='ocrx_word' id='word_1_255' title='bbox 673 3352 879 3423; x_wconf 81' lang='lat' dir='ltr'>Psimmytbium</span> <span class='ocrx_word' id='word_1_256' title='bbox 892 3353 1060 3423; x_wconf 69' lang='lat' dir='ltr'>pretermisit</span> <span class='ocrx_word' id='word_1_257' title='bbox 1070 3352 1181 3422; x_wconf 78' lang='lat' dir='ltr'>Apule.</span> 
     </span>
     <span class='ocr_line' id='line_1_30' title="bbox 112 3430 1181 3500; baseline 0.002 -17"><span class='ocrx_word' id='word_1_258' title='bbox 112 3442 183 3484; x_wconf 66' lang='lat' dir='ltr'>ruta</span> <span class='ocrx_word' id='word_1_259' title='bbox 196 3432 411 3485; x_wconf 72' lang='lat' dir='ltr'>fesciculuscum</span> <span class='ocrx_word' id='word_1_260' title='bbox 425 3450 532 3485; x_wconf 81' lang='lat' dir='ltr'>rosaceo</span> <span class='ocrx_word' id='word_1_261' title='bbox 548 3430 629 3485; x_wconf 83' lang='lat' dir='ltr'>deuo·</span> <span class='ocrx_word' id='word_1_262' title='bbox 672 3450 786 3497; x_wconf 80' lang='lat' dir='ltr'>mxrx,</span> <span class='ocrx_word' id='word_1_263' title='bbox 803 3431 843 3485; x_wconf 90' lang='lat' dir='ltr'>tit.</span> <span class='ocrx_word' id='word_1_264' title='bbox 859 3454 875 3500; x_wconf 79' lang='lat'>9</span> <span class='ocrx_word' id='word_1_265' title='bbox 894 3430 928 3485; x_wconf 85' lang='lat' dir='ltr'>ds</span> <span class='ocrx_word' id='word_1_266' title='bbox 945 3442 1028 3486; x_wconf 79' lang='lat' dir='ltr'>ruta:</span> <span class='ocrx_word' id='word_1_267' title='bbox 1054 3458 1065 3479; x_wconf 82' lang='grc' dir='ltr'>ι</span> <span class='ocrx_word' id='word_1_268' title='bbox 1081 3430 1181 3485; x_wconf 80' lang='lat' dir='ltr'>Eadem</span> 
     </span>
     <span class='ocr_line' id='line_1_31' title="bbox 112 3510 1180 3581; baseline 0 -18"><span class='ocrx_word' id='word_1_269' title='bbox 112 3523 214 3581; x_wconf 79' lang='lat' dir='ltr'>quatur</span> <span class='ocrx_word' id='word_1_270' title='bbox 225 3510 423 3581; x_wconf 73' lang='lat' dir='ltr'>:adjectaaloes</span> <span class='ocrx_word' id='word_1_271' title='bbox 433 3510 542 3565; x_wconf 85' lang='lat' dir='ltr'>unciaet</span> <span class='ocrx_word' id='word_1_272' title='bbox 551 3512 604 3565; x_wconf 86' lang='lat' dir='ltr'>olei</span> <span class='ocrx_word' id='word_1_273' title='bbox 619 3531 626 3564; x_wconf 92' lang='lat'><strong>:</strong></span> <span class='ocrx_word' id='word_1_274' title='bbox 669 3510 759 3581; x_wconf 67' lang='lat' dir='ltr'>ignem</span> <span class='ocrx_word' id='word_1_275' title='bbox 769 3528 872 3563; x_wconf 79' lang='lat' dir='ltr'>sacrum</span> <span class='ocrx_word' id='word_1_276' title='bbox 886 3529 917 3563; x_wconf 77' lang='lat' dir='ltr'>es</span> <span class='ocrx_word' id='word_1_277' title='bbox 932 3524 1008 3564; x_wconf 78' lang='lat' dir='ltr'>aceto</span> <span class='ocrx_word' id='word_1_278' title='bbox 1021 3524 1048 3566; x_wconf 88' lang='lat' dir='ltr'>et</span> <span class='ocrx_word' id='word_1_279' title='bbox 1057 3511 1117 3565; x_wconf 85' lang='lat' dir='ltr'>oleo</span> <span class='ocrx_word' id='word_1_280' title='bbox 1128 3512 1180 3563; x_wconf 85' lang='lat' dir='ltr'>illi-</span> 
     </span>
     <span class='ocr_line' id='line_1_32' title="bbox 113 3590 1181 3663; baseline 0.001 -20"><span class='ocrx_word' id='word_1_281' title='bbox 113 3591 256 3663; x_wconf 87' lang='lat' dir='ltr'>perunctio</span> <span class='ocrx_word' id='word_1_282' title='bbox 278 3590 399 3644; x_wconf 67' lang='lat' dir='ltr'>dolorem</span> <span class='ocrx_word' id='word_1_283' title='bbox 426 3591 501 3643; x_wconf 88' lang='lat' dir='ltr'>sistit.</span> <span class='ocrx_word' id='word_1_284' title='bbox 519 3615 531 3636; x_wconf 80' lang='grc' dir='ltr'>ι</span> <span class='ocrx_word' id='word_1_285' title='bbox 557 3591 592 3643; x_wconf 87' lang='grc' dir='ltr'>Η.</span> <span class='ocrx_word' id='word_1_286' title='bbox 669 3590 725 3642; x_wconf 85' lang='lat' dir='ltr'>nitu</span> <span class='ocrx_word' id='word_1_287' title='bbox 748 3602 858 3642; x_wconf 80' lang='lat' dir='ltr'>sanat.»</span> <span class='ocrx_word' id='word_1_288' title='bbox 886 3590 1025 3641; x_wconf 77' lang='lat' dir='ltr'>PliuVsl,</span> <span class='ocrx_word' id='word_1_289' title='bbox 1047 3590 1181 3655; x_wconf 83' lang='lat' dir='ltr'>similiter,</span> 
     </span>
     <span class='ocr_line' id='line_1_33' title="bbox 155 3668 1179 3735; baseline 0.002 -12"><span class='ocrx_word' id='word_1_290' title='bbox 155 3674 204 3734; x_wconf 69' lang='grc'>46.</span> <span class='ocrx_word' id='word_1_291' title='bbox 226 3670 433 3723; x_wconf 66' lang='lat' dir='ltr'>Dederusssdoc</span> <span class='ocrx_word' id='word_1_292' title='bbox 446 3668 627 3723; x_wconf 80' lang='lat' dir='ltr'>medicamen·</span> <span class='ocrx_word' id='word_1_293' title='bbox 669 3668 1179 3735; x_wconf 72' lang='lat' dir='ltr'>111,34.ntidem‚1v,3,deruu=</span> 
     </span>
     <span class='ocr_line' id='line_1_34' title="bbox 112 3747 1180 3821; baseline 0 -18"><span class='ocrx_word' id='word_1_294' title='bbox 112 3761 171 3803; x_wconf 89' lang='lat' dir='ltr'>tum</span> <span class='ocrx_word' id='word_1_295' title='bbox 183 3748 340 3821; x_wconf 78' lang='lat' dir='ltr'>phthisicis,</span> <span class='ocrx_word' id='word_1_296' title='bbox 359 3762 386 3802; x_wconf 89' lang='lat' dir='ltr'>et</span> <span class='ocrx_word' id='word_1_297' title='bbox 396 3750 429 3802; x_wconf 89' lang='lat' dir='ltr'>iis</span> <span class='ocrx_word' id='word_1_298' title='bbox 442 3750 489 3820; x_wconf 87' lang='lat' dir='ltr'>qui</span> <span class='ocrx_word' id='word_1_299' title='bbox 504 3767 572 3820; x_wconf 83' lang='lat' dir='ltr'>pura</span> <span class='ocrx_word' id='word_1_300' title='bbox 581 3766 626 3803; x_wconf 79' lang='lat' dir='ltr'>ex·</span> <span class='ocrx_word' id='word_1_301' title='bbox 672 3773 684 3796; x_wconf 81' lang='grc' dir='ltr'>ι</span> <span class='ocrx_word' id='word_1_302' title='bbox 702 3748 780 3818; x_wconf 73' lang='lat' dir='ltr'>Ignes</span> <span class='ocrx_word' id='word_1_303' title='bbox 792 3767 894 3812; x_wconf 83' lang='lat' dir='ltr'>sacros,</span> <span class='ocrx_word' id='word_1_304' title='bbox 915 3747 1016 3819; x_wconf 87' lang='lat' dir='ltr'>inquit,</span> <span class='ocrx_word' id='word_1_305' title='bbox 1031 3768 1092 3801; x_wconf 89' lang='lat' dir='ltr'>cum</span> <span class='ocrx_word' id='word_1_306' title='bbox 1105 3764 1180 3803; x_wconf 79' lang='lat' dir='ltr'>aceto</span> 
     </span>
     <span class='ocr_line' id='line_1_35' title="bbox 111 3828 1180 3900; baseline 0 -19"><span class='ocrx_word' id='word_1_307' title='bbox 111 3840 235 3892; x_wconf 80' lang='lat' dir='ltr'>screaut,</span> <span class='ocrx_word' id='word_1_308' title='bbox 256 3830 377 3900; x_wconf 70' lang='lat' dir='ltr'>precipit</span> <span class='ocrx_word' id='word_1_309' title='bbox 391 3828 534 3883; x_wconf 77' lang='lat' dir='ltr'>Marcellus</span> <span class='ocrx_word' id='word_1_310' title='bbox 545 3828 624 3899; x_wconf 84' lang='lat' dir='ltr'>Emp.</span> <span class='ocrx_word' id='word_1_311' title='bbox 670 3841 700 3881; x_wconf 84' lang='lat' dir='ltr'>st</span> <span class='ocrx_word' id='word_1_312' title='bbox 709 3829 769 3881; x_wconf 81' lang='lat' dir='ltr'>oleo</span> <span class='ocrx_word' id='word_1_313' title='bbox 783 3846 903 3892; x_wconf 83' lang='lat' dir='ltr'>rosaceo,</span> <span class='ocrx_word' id='word_1_314' title='bbox 925 3839 951 3879; x_wconf 88' lang='lat' dir='ltr'>et</span> <span class='ocrx_word' id='word_1_315' title='bbox 962 3846 1064 3881; x_wconf 83' lang='lat' dir='ltr'>cerussa</span> <span class='ocrx_word' id='word_1_316' title='bbox 1078 3841 1180 3900; x_wconf 86' lang='lat' dir='ltr'>tempe·</span> 
     </span>
     <span class='ocr_line' id='line_1_36' title="bbox 111 3900 1180 3980; baseline 0 -18"><span class='ocrx_word' id='word_1_317' title='bbox 111 3926 172 3979; x_wconf 81' lang='lat' dir='ltr'>cap.</span> <span class='ocrx_word' id='word_1_318' title='bbox 184 3923 250 3961; x_wconf 80' lang='lat' dir='ltr'>rvr:</span> <span class='ocrx_word' id='word_1_319' title='bbox 266 3910 365 3962; x_wconf 70' lang='lat' dir='ltr'>nliutts</span> <span class='ocrx_word' id='word_1_320' title='bbox 376 3920 473 3961; x_wconf 74' lang='lat' dir='ltr'>teneres</span> <span class='ocrx_word' id='word_1_321' title='bbox 484 3906 623 3971; x_wconf 73' lang='lat' dir='ltr'>contritis,</span> <span class='ocrx_word' id='word_1_322' title='bbox 668 3918 739 3971; x_wconf 82' lang='lat' dir='ltr'>rats,</span> <span class='ocrx_word' id='word_1_323' title='bbox 754 3908 826 3961; x_wconf 81' lang='lat' dir='ltr'>illiso</span> <span class='ocrx_word' id='word_1_324' title='bbox 846 3907 998 3978; x_wconf 71' lang='lat' dir='ltr'>exstinguit.</span> <span class='ocrx_word' id='word_1_325' title='bbox 1016 3932 1027 3958; x_wconf 67' lang='grc' dir='ltr'>η</span> <span class='ocrx_word' id='word_1_326' title='bbox 1049 3900 1180 3980; x_wconf 75' lang='lat' dir='ltr'>hdcrys&#39;i·</span> 
     </span>
     <span class='ocr_line' id='line_1_37' title="bbox 111 3988 1181 4059; baseline 0.001 -19"><span class='ocrx_word' id='word_1_327' title='bbox 111 3988 217 4059; x_wconf 85' lang='lat' dir='ltr'>inquit,</span> <span class='ocrx_word' id='word_1_328' title='bbox 238 4006 301 4041; x_wconf 86' lang='lat' dir='ltr'>curu</span> <span class='ocrx_word' id='word_1_329' title='bbox 326 3988 484 4041; x_wconf 83' lang='lat' dir='ltr'>ramusculis</span> <span class='ocrx_word' id='word_1_330' title='bbox 505 3988 576 4051; x_wconf 82' lang='lat' dir='ltr'>suis,</span> <span class='ocrx_word' id='word_1_331' title='bbox 598 4000 626 4040; x_wconf 91' lang='lat' dir='ltr'>et</span> <span class='ocrx_word' id='word_1_332' title='bbox 668 3988 753 4055; x_wconf 73' lang='lat' dir='ltr'>petru</span> <span class='ocrx_word' id='word_1_333' title='bbox 769 4004 876 4058; x_wconf 85' lang='lat' dir='ltr'>qnoque</span> <span class='ocrx_word' id='word_1_334' title='bbox 887 3999 975 4041; x_wconf 83' lang='lat' dir='ltr'>rutum</span> <span class='ocrx_word' id='word_1_335' title='bbox 989 4005 1051 4040; x_wconf 85' lang='lat' dir='ltr'>cum</span> <span class='ocrx_word' id='word_1_336' title='bbox 1065 4000 1141 4043; x_wconf 74' lang='lat' dir='ltr'>aceto</span> <span class='ocrx_word' id='word_1_337' title='bbox 1154 4000 1181 4041; x_wconf 89' lang='lat' dir='ltr'>et</span> 
     </span>
     <span class='ocr_line' id='line_1_38' title="bbox 111 4066 1180 4138; baseline 0.002 -19"><span class='ocrx_word' id='word_1_338' title='bbox 111 4084 244 4137; x_wconf 70' lang='lat' dir='ltr'>expresso</span> <span class='ocrx_word' id='word_1_339' title='bbox 258 4085 366 4132; x_wconf 81' lang='lat' dir='ltr'>succus,</span> <span class='ocrx_word' id='word_1_340' title='bbox 380 4085 442 4119; x_wconf 83' lang='lat' dir='ltr'>cum</span> <span class='ocrx_word' id='word_1_341' title='bbox 458 4067 624 4138; x_wconf 76' lang='lat' dir='ltr'>aliquantulo</span> <span class='ocrx_word' id='word_1_342' title='bbox 666 4066 841 4137; x_wconf 75' lang='lat' dir='ltr'>pu&#39;mmythio</span> <span class='ocrx_word' id='word_1_343' title='bbox 854 4084 1013 4137; x_wconf 80' lang='lat' dir='ltr'>rosaceoque</span> <span class='ocrx_word' id='word_1_344' title='bbox 1027 4066 1124 4137; x_wconf 70' lang='lat' dir='ltr'>inungi</span> <span class='ocrx_word' id='word_1_345' title='bbox 1133 4069 1180 4137; x_wconf 85' lang='lat' dir='ltr'>ju·</span> 
     </span>
     <span class='ocr_line' id='line_1_39' title="bbox 110 4146 988 4213; baseline -0.002 -13"><span class='ocrx_word' id='word_1_346' title='bbox 110 4147 263 4213; x_wconf 81' lang='lat' dir='ltr'>bitumine,</span> <span class='ocrx_word' id='word_1_347' title='bbox 280 4165 312 4201; x_wconf 77' lang='lat' dir='ltr'>es</span> <span class='ocrx_word' id='word_1_348' title='bbox 327 4149 390 4202; x_wconf 85' lang='lat' dir='ltr'>vino</span> <span class='ocrx_word' id='word_1_349' title='bbox 408 4158 497 4201; x_wconf 83' lang='lat' dir='ltr'>vetere</span> <span class='ocrx_word' id='word_1_350' title='bbox 517 4147 624 4212; x_wconf 73' lang='lat' dir='ltr'>salide,</span> <span class='ocrx_word' id='word_1_351' title='bbox 667 4147 713 4199; x_wconf 92' lang='lat' dir='ltr'>bet</span> <span class='ocrx_word' id='word_1_352' title='bbox 725 4147 815 4203; x_wconf 86' lang='lat' dir='ltr'>Diosc.</span> <span class='ocrx_word' id='word_1_353' title='bbox 828 4148 847 4201; x_wconf 89' lang='lat' dir='ltr'>l.</span> <span class='ocrx_word' id='word_1_354' title='bbox 861 4163 884 4199; x_wconf 82' lang='lat' dir='ltr'>e.</span> <span class='ocrx_word' id='word_1_355' title='bbox 897 4146 988 4199; x_wconf 76' lang='lat' dir='ltr'>lirun.</span> 
     </span>
    </p>
   </div>
   <div class='ocr_carea' id='block_1_5' title="bbox 984 4238 1048 4321">
    <p class='ocr_par' dir='ltr' id='par_1_5' title="bbox 984 4238 1048 4321">
     <span class='ocr_line' id='line_1_40' title="bbox 984 4238 1048 4321; baseline -0.031 0"><span class='ocrx_word' id='word_1_356' title='bbox 984 4238 1048 4321; x_wconf 78' lang='lat'>36¹</span> 
     </span>
    </p>
   </div>
   <div class='ocr_carea' id='block_1_6' title="bbox 901 4312 926 4355">
    <p class='ocr_par' dir='ltr' id='par_1_6' title="bbox 901 4312 926 4355">
     <span class='ocr_line' id='line_1_41' title="bbox 901 4312 926 4355; baseline 0 0"><span class='ocrx_word' id='word_1_357' title='bbox 901 4312 926 4355; x_wconf 59' lang='grc' dir='ltr'><strong><em>ὁ</em></strong></span> 
     </span>
    </p>
   </div>
   <div class='ocr_carea' id='block_1_7' title="bbox 0 0 1468 5009">
    <p class='ocr_par' dir='ltr' id='par_1_7' title="bbox 0 0 1468 5009">
     <span class='ocr_line' id='line_1_42' title="bbox 0 0 1468 5009; baseline 0 3"><span class='ocrx_word' id='word_1_358' title='bbox 0 0 1468 5009; x_wconf 95' lang='lat' dir='ltr'> </span> 
     </span>
    </p>
   </div>
  </div>
 </body>
</html>
