2925 5009
282 434 330 517 44
543 432 581 498 C.
611 421 780 499 PLlNll
811 432 921 498 NAT.
952 430 1081 498 alst.

280 590 299 633 a
321 563 399 634 solis
415 586 534 633 occasu
546 565 580 631 in
592 561 716 633 trinis¹¹
737 563 868 644 diebus,
882 578 918 631 ut
930 562 1100 657 equaliter
1116 560 1226 641 bibat,
1243 559 1350 629 donec

279 682 466 764 erumpant.
494 668 737 739 Differuntur²²
759 684 835 763 post
848 659 976 737 'annum
993 666 1179 737 dodrantali
1197 664 1276 751 iilo,
1294 692 1350 734 cu·

280 775 402 845 studita
419 777 595 871 temperie,
609 789 647 845 ut
664 774 761 845 viridi
782 764 895 847 caelo²³
909 790 1080 856 serantur,
1100 798 1140 843 ac
1161 774 1233 841 sinc
1250 795 1349 839 aura:

279 883 467 975 mirumque
487 880 596 967 dictu,
620 881 804 976 periculum
824 906 866 949 eo
888 894 1018 949 tantum
1045 879 1100 949 die
1118 894 1183 965 est,
1208 880 1237 948 si
1260 901 1352 947 rora·

246 978 394 1057 everit²⁴
414 986 756 1083 quantulumcumque
781 986 947 1072 imbrem,
968 1000 1028 1055 aut
1046 989 1073 1055 si
1095 986 1268 1055 afflaverit.
1297 987 1351 1052 De

280 1094 406 1189 reliquo
424 1107 504 1165 tutae
525 1106 603 1163 sunt
624 1109 785 1188 perpetua
804 1094 1002 1179 securitate,
1021 1079 1219 1186 aquasque²5
1236 1090 1350 1159 odere.

278 1204 322 1270 Et
343 1199 470 1295 zizipha
483 1188 507 1228 ²⁶
522 1222 627 1293 grano
645 1214 801 1271 seruatur
820 1222 934 1269 mense
953 1197 1060 1293 aprili.
1073 1198 1258 1267 Tuberes·¹⁷
1276 1222 1350 1265 me·

279 1305 340 1375 lius
358 1308 549 1375 inseruntur
562 1307 596 1373 in
613 1330 722 1400 pruno
743 1304 905 1389 silvestri,
920 1318 955 1375 et
968 1303 1056 1374 malo
1074 1320 1241 1388 cotoneo,
1263 1317 1299 1371 et
1316 1305 1350 1371 in

278 1401 493 1481 calabrice²⁸:
510 1436 550 1481 ea
570 1427 620 1481 est
640 1413 735 1505 spina
753 1410 920 1481 silvestris.
942 1413 1171 1505 Quaecumque
1179 1412 1204 1451 ²⁹
1221 1410 1351 1505 optime

277 1534 310 1587 et
328 1542 441 1613 myxas
460 1520 594 1612 recipit,
613 1517 737 1591 utiliter
758 1533 793 1587 et
811 1503 975 1587 sorb0s³⁰.
991 1507 1076 1608 (rx.)
1089 1516 1221 1587 Plantas
1241 1541 1283 1584 ex
1299 1541 1349 1585 se·
1416 1586 1420 1589 .

276 1684 367 1720 sumus
386 1665 478 1718 Cbiffl.
504 1663 604 1718 codicia
627 1665 787 1728 lectionem,
876 1670 921 1727 24.
938 1662 1097 1716 Sirammr'r
1097 1703 1170 1720 .....
1188 1663 1350 1733 siafflarerie.

275 1765 356 1817 quam
367 1745 498 1798 librorum
508 1744 636 1797 hactenus
646 1743 787 1808 editorum,
834 1743 971 1803 bruteriur
981 1762 1015 1795 ex
1031 1742 1108 1800 MSS.
1119 1744 1184 1815 Reg.
1202 1746 1352 1808 1,2,sr'm·

276 1826 306 1877 ab
320 1826 364 1877 lroc
378 1828 473 1895 pariter
487 1826 611 1893 autigiis:
623 1824 731 1877 Catonia
747 1824 789 1876 in·
835 1826 906 1881 revit.
916 1861 940 1875 ..
956 1826 978 1875 si
988 1824 1092 1903 afflavit.
1107 1824 1159 1876 En.

276 1904 369 1975 primis
392 1904 547 1956 auctoritate
568 1901 690 1968 adducti,
706 1922 720 1955 a
734 1922 788 1974 qao
876 1903 922 1955 ²5.
934 1903 1066 1974 Aquasqroe
1075 1903 1155 1954 odem.
1169 1900 1287 1964 Plinius,
1300 1901 1350 1954 lib.

278 2002 395 2037 aranasse
408 1983 465 2036 bruc
480 1980 614 2037 videntur.
629 1984 655 2034 le
665 1982 736 2035 enim
754 1981 789 2035 de
835 1981 916 2039 XVI.
932 1999 991 2051 cap.
1007 1980 1041 2034 31
1058 1984 1184 2052 :nAquar
1202 1978 1285 2034 odere
1302 1998 1351 2051 ep·

276 2064 316 2115 ae
330 2065 404 2116 Rura.
425 2081 484 2133 cap.
498 2081 560 2127 car,
575 2062 621 2117 ubi
634 2076 731 2115 terram
744 2080 789 2115 su·
833 2061 927 2133 pressi.
938 2084 950 2107 ι
967 2061 1001 2121 Et
1012 2060 1151 2131 Theopbr.
1163 2060 1231 2114 Hier.
1241 2061 1284 2123 11,
1300 2064 1330 2115 8.

276 2144 399 2211 percerni
417 2142 563 2196 seminibus
577 2142 719 2212 cribratam
734 2145 790 2211 juu-
877 2142 922 2193 26.
933 2142 1084 2210 Etzizioba.
1100 2139 1200 2194 Pellarb
1210 2140 1353 2211 inAprili,

276 2222 324 2286 sit;
336 2220 383 2275 uid
403 2222 470 2275 bene
493 2222 595 2285 tabula,
610 2221 714 2291 inquit,
733 2240 789 2275 ma·
834 2221 874 2276 tit.
891 2221 1035 2283 tzebocir
1053 2218 1147 2275 calidifl
1165 2220 1241 2292 aprili
1258 2238 1353 2273 mense

276 2302 354 2354 uibus
376 2314 422 2355 aut
442 2299 556 2372 pedibu·
580 2300 761 2371 complanato:
774 2329 785 2348 ·
833 2300 968 2372 ziziphum
978 2318 1160 2365 conseremue,
1169 2298 1274 2371 frigidis
1284 2318 1351 2353 vem

276 2381 374 2451 quibus
386 2380 473 2434 verbis
490 2380 595 2451 gravius
609 2398 676 2435 onus
689 2381 789 2451 excipi·
834 2380 905 2432 maio
921 2381 962 2433 vel
974 2381 1060 2451 junio.
1075 2381 1159 2433 Amat
1173 2381 1230 2434 loca
1243 2377 1352 2443 calida,

278 2473 329 2513 tur.
347 2459 437 2513 Hiran.
833 2458 930 2529 aprica.
940 2461 1044 2513 Seritur
1053 2461 1244 2526 cathimera·
1257 2459 1352 2513 Grana

319 2559 364 2593 ar.
384 2539 414 2591 Ia
429 2543 497 2592 trieris
512 2539 603 2593 dicbus.
615 2540 708 2593 Tertio
720 2558 789 2610 quo·
833 2538 934 2603 Plinio,
949 2538 1073 2602 Palladio
1088 2558 1146 2593 osea
1160 2552 1231 2594 suut.
1254 2538 1351 2593 Harl).

275 2618 403 2691 quadie,
420 2632 448 2673 ut
463 2638 522 2691 cap.
541 2638 573 2672 ιι
588 2618 663 2672 denir
676 2617 788 2685 diebus,
876 2637 922 2688 ²7·
946 2620 1060 2671 Tuberes.
1079 2617 1178 2675 Pallad.
1193 2622 1222 2673 11
1234 2619 1264 2671 iu
1285 2621 1349 2672 Ian.

276 2718 325 2769 pro
342 2697 449 2752 decimo
469 2717 577 2771 qaoque
590 2698 644 2751 die.
656 2698 748 2751 llario.
833 2697 875 2751 tit.
887 2701 936 2761 16,
947 2718 977 2769 p.
988 2706 1020 2765 47
1032 2719 1038 2750 :
1050 2698 1128 2751 ·Hoc
1137 2718 1227 2752 meuse
1240 2700 1350 2752 tuberes

318 2798 363 2831 aa.
382 2779 546 2847 Disfiruatar.
562 2780 601 2831 Ita
619 2776 698 2830 etiam
712 2778 787 2831 MSS.
833 2778 986 2830 inseruntur
997 2777 1128 2847 cydoneo.
1141 2805 1152 2826 ι
1168 2780 1203 2832 Et
1214 2778 1263 2833 lib.
1281 2780 1349 2832 xia
1424 2817 1430 2829 .

217 2910 222 2921 ¹
275 2858 669 2929 'l'ranrleruntur‚iuquit‚pust
678 2876 789 2921 aunum,
833 2856 999 2928 Septembri,
1010 2858 1051 2914 tir.
1068 2857 1103 2917 de
1117 2858 1222 2929 pomis:
1235 2858 1350 2911 Mense

276 2955 358 3005 rpuum
376 2938 430 3007 jam
451 2938 526 2990 caule
538 2950 600 2991 eunt
618 2932 788 3012 dodrantali,
830 2936 974 3006 januario,
989 2939 1029 2991 vel
1049 2938 1202 3001 februario,
1222 2939 1350 2992 tuberum

275 3016 455 3086 seupollicum
463 3016 788 3088 novem.Filumcuprerei
831 3017 953 3069 aurwlur
967 3017 1125 3071 mirabiliter
1137 3018 1245 3088 prolicit
1262 3017 1349 3089 cyda-

274 3109 395 3149 reuerum
409 3094 545 3151 caudicem
556 3114 652 3150 vocare
666 3095 787 3157 videtur,
832 3093 879 3148 uio
896 3095 1000 3150 insitus.
1014 3098 1144 3158 Inseritur
1162 3111 1251 3153 autem
1272 3099 1350 3152 ruralis

275 3174 314 3227 uti
325 3174 352 3227 in
365 3194 492 3248 asparago
505 3194 609 3249 cymam
625 3176 789 3242 Columella,
832 3175 971 3233 omnibus.
985 3190 1012 3229 et
1022 3177 1100 3247 piris,
1113 3176 1255 3247 etprunis,
1267 3190 1296 3237 et
1307 3196 1350 3231 αι·

274 3254 322 3307 lib.
338 3254 462 3327 x1‚0ap.
479 3255 527 3309 ult.
540 3256 639 3325 stylum
655 3269 739 3309 vocat.
753 3258 788 3309 Et
832 3253 939 3319 lubrici,
954 3255 1047 3309 melius
1062 3268 1158 3323 trunco
1171 3258 1234 3317 lirae
1244 3296 1253 3323 ,
1263 3275 1347 3329 quam

275 3333 302 3386 ia
317 3334 446 3393 Hortalo,
468 3334 514 3387 lib.
533 3334 578 3386 X:
595 3336 649 3387 «Et
670 3336 789 3405 asparagi
831 3335 946 3400 cortice,
959 3348 1008 3389 etc.
1021 3361 1032 3383 ι
1051 3333 1145 3390 lirun.

273 3413 388 3467 corruda
398 3410 530 3467 simillima
544 3414 599 3467 lilo.
610 3441 620 3461 ι
634 3414 685 3467 vel
698 3414 787 3486 potius
874 3416 919 3467 ²8.
936 3414 1071 3467 Calabrica.
1086 3416 1132 3467 Est
1147 3416 1270 3469 Illumetu
1286 3420 1347 3484 iasc-

275 3492 409 3555 trauslcrri
423 3495 459 3547 ait
470 3494 497 3546 iu
511 3506 658 3567 cupresseta
672 3507 786 3563 portau·
830 3497 919 3544 cturiru
934 3486 1072 3561 (Pearaad.
1085 3514 1181 3565 morlog.
1203 3514 1264 3567 gea.
1278 3497 1355 3567 5322'

275 3590 338 3623 uum
348 3573 397 3636 ‚ita
410 3586 439 3625 ut
450 3574 618 3626 intervallum
631 3571 786 3628 dodrantale
831 3572 903 3625 Pers.
916 3574 1019 3627 Rhama.
1033 3566 1119 3642 Just.)
1130 3577 1183 3629 En.

274 3662 393 3707 servetur
406 3652 476 3706 inter
491 3672 550 3715 aas,
566 3666 596 3705 ut
608 3652 642 3705 de
654 3652 732 3705 ulmis
747 3652 786 3705 (Ιί-
873 3671 917 3719 ²9·
934 3656 1104 3724 Quaecumque.
1127 3654 1245 3708 Cuilibet
1261 3655 1347 3724 spina

273 3744 349 3783 retur
368 3750 426 3803 cap.
450 3752 503 3803 seq.
525 3732 597 3803 quod
612 3733 700 3785 aerius
716 3733 785 3786 arbi·
830 3744 891 3801 apte
908 3732 1062 3786 inseruntur
1080 3751 1175 3804 myxae.
1188 3733 1289 3786 Pallad.
1305 3736 1347 3787 111

275 3824 382 3863 ruamur.
400 3808 491 3863 flauo.
830 3810 858 3863 iu
868 3810 946 3864 Febr.
960 3814 1000 3865 tit.
1013 3814 1048 3865 25
1060 3831 1066 3864 ε
1080 3840 1091 3861 ι
1102 3815 1181 3885 Myxa
1192 3814 1346 3867 inseruntur

229 3958 232 3963 Ι
316 3890 362 3942 23.
376 3890 409 3943 ta
422 3892 498 3943 uiridi
510 3892 576 3943 cclv.
592 3890 664 3944 Sada
676 3912 706 3945 ac
717 3912 784 3945 sere·
829 3909 918 3943 meuse
927 3894 1022 3945 martio
1033 3893 1131 3956 sorbis,
1144 3894 1185 3945 vel
1194 3893 1344 3964 spirita-tt.

272 3988 318 4032 uo,
328 3980 378 4022 eta
393 3970 509 4024 aubibus
523 3971 557 4023 ita
571 3985 684 4041 puro,ut
699 3972 784 4025 viride
856 3972 914 4047 ¹30.
930 3972 966 4023 Er
980 3975 1067 4025 sorbes.
1079 3973 1176 4026 Saltem
1186 3974 1262 4043 spina
1275 3974 1342 4026 alba.

271 4060 403 4117 appareat.
417 4046 508 4103 Hauc.
829 4048 928 4103 Pallad.
941 4052 958 4102 Ι.
975 4053 999 4103 ll
1010 4053 1038 4105 in
1051 4052 1110 4105 Jan.
1121 4052 1161 4105 tit.
1175 4053 1343 4107 15:·bleusc
