2925 5009
472 486 628 555 LIBER
655 487 762 555 XIX.
1077 484 1152 573 453

84 636 166 683 nera
187 638 196 680 ι
215 612 343 698 caules,
377 627 412 684 et
442 619 576 685 ruoemi.
607 616 824 712 Corymbiam
839 603 864 641 ¹⁸
895 616 983 689 banc
1011 634 1155 703 uocant,

83 718 356 815 corymbosque¹⁹
375 744 460 816 quos
478 722 650 793 condiunt

136 827 244 896 LVII.
271 818 344 915 (x.)
365 826 505 898 Morbos
532 828 702 899 hortensia
724 854 859 925 quoque
878 830 1043 913 sentiunt,
1068 832 1155 900 sicut
1174 860 1186 891 ι

85 928 211 1026 reliqua
225 946 322 1003 terrm
336 946 426 1003 suta·
417 958 585 1031 ,nemque
601 948 636 1005 et
649 937 798 1007 ocimum
807 934 1156 1031 'senectsdegenerat

85 1038 118 1104 io
139 1036 338 1170 serpyllum,
360 1052 395 1107 et
414 1039 652 1134 sisymbrium'
643 1066 676 1110 ιιι
694 1040 958 1112 calumintbum.
982 1044 1083 1111 Eteri
1102 1068 1154 1112 se·

83 1144 172 1212 mine
177 1130 362 1215 ³brttssicee
381 1148 501 1216 veteris
519 1170 601 1241 rapu
621 1146 707 1216 fiunt
717 1162 846 1243 ,atque
863 1148 1017 1217 invicem.
1038 1152 1082 1217 Et
1097 1174 1154 1218 ne·

84 1264 178 1319 catur
193 1252 366 1320 cuminum
383 1251 427 1320 ub
443 1240 641 1337 limodoro⁴,
661 1254 723 1323 nisi
737 1266 948 1349 repurgetur
966 1256 1027 1323 Est
1043 1268 1154 1323 autem

85 1354 252 1440 unicaule,
277 1356 388 1426 rudioe
416 1356 519 1427 bulbo
555 1306 673 1442 simili,
702 1384 771 1431 nou
799 1360 862 1429 nisi
887 1360 923 1428 in
947 1358 1019 1429 solo
1043 1361 1156 1455 gracili

85 1486 234 1533 nascens.
250 1461 339 1533 Alius
355 1449 530 1558 privutim⁵
552 1466 676 1535 cumini
696 1466 834 1543 morbus
854 1464 990 1536 scabies
1014 1468 1070 1535 Et
1083 1468 1156 1536 oci-

86 1660 140 1713 est,
153 1646 210 1703 duo
230 1661 293 1702 suot
316 1667 430 1723 genere:
453 1651 568 1707 alterum
585 1670 602 1705 e
647 1665 765 1705 mentam
784 1651 903 1716 mutari,
928 1652 963 1713 sle
981 1652 1066 1723 ptum
1088 1650 1159 1706 dixit

86 1724 203 1781 caulibus
219 1730 350 1800 petitum,
371 1731 484 1784 alterum
495 1750 511 1785 e
523 1750 601 1785 race-
646 1732 785 1804 Theopbr.
802 1732 870 1785 trio.
883 1732 927 1795 lt,
952 1730 987 1797 5;
1002 1732 1061 1795 Vl,
1084 1752 1112 1803 7,
1131 1746 1159 1786 et

87 1808 135 1860 mis
164 1826 235 1879 quos
264 1808 404 1863 condiunt.
438 1812 479 1864 De
509 1810 601 1865 l'erulm
646 1807 681 1864 de
695 1812 775 1868 Caus.
788 1810 832 1878 11,
851 1812 877 1865 8.
894 1810 1016 1881 Uterque
1031 1810 1156 1865 recteli.

86 1884 227 1941 unditus·
245 1887 426 1942 Columellam
448 1889 527 1956 side,
551 1890 599 1945 lib.
687 1890 713 1943 3.
733 1892 772 1943 Et
789 1910 820 1942 es
836 1893 934 1943 sessim.
956 1889 1023 1943 flare
1043 1890 1158 1943 totidem

87 1966 169 2031 xm,
184 1984 246 2037 cap.
261 1986 288 2037 7.
302 1966 393 2023 lisan.
645 1970 737 2024 serbis
753 1971 842 2023 Varro
858 1968 894 2023 de
912 1970 951 2021 lle
965 1970 1041 2023 liust.
1057 1970 1087 2033 l,
1106 1978 1159 2037 (o,

129 2048 171 2100 ι8.
183 2045 352 2118 Corfinium,
363 2060 414 2101 eto.
425 2047 599 2121 Corymbism
644 2068 672 2119 p.
685 2052 738 2109 6⁵,
760 2063 787 2102 et
800 2048 902 2103 Pallad.
921 2048 963 2101 111
978 2048 1007 2102 iu
1023 2048 1101 2102 Febr.
1117 2051 1158 2103 tit.

87 2124 216 2190 fesulam,
231 2143 312 2195 qoam
328 2127 357 2179 iu
371 2126 474 2181 csulem
492 2144 600 2199 surgere
647 2135 700 2195 st,
719 2148 748 2201 p.
764 2130 812 2183 68.
826 2129 917 2181 Ηιιιι.

88 2205 292 2274 permittebant,
312 2218 344 2261 ut
365 2207 525 2278 corymbos,
545 2208 600 2259 sire
686 2214 713 2271 4.
747 2208 790 2261 At
820 2208 945 2260 limem
980 2205 1159 2260 Limotlorum

88 2284 218 2338 umbellas
233 2298 370 2340 nascentes
383 2284 418 2339 ad
430 2285 600 2341 condituram
645 2285 732 2340 stetim
751 2287 786 2341 ab
803 2285 894 2341 radios
912 2284 1023 2339 cumino
1037 2284 1159 2351 adnasci,

89 2362 252 2435 colligerent.
276 2364 344 2417 Nam
368 2364 471 2437 alioqui
496 2365 600 2419 caulem
644 2382 694 2418 uec
720 2367 797 2419 caule
821 2384 877 2421 esse
902 2364 1017 2418 absimili
1038 2364 1160 2437 prodidit

88 2442 258 2512 gliscentem,
286 2444 431 2508 tenellum,
455 2458 482 2499 et
512 2443 601 2499 sdbuc
645 2444 823 2517 Theophrast.
837 2446 938 2499 ilistor.
950 2444 1038 2511 vm,
1058 2446 1093 2510 8,
1116 2448 1159 2498 οὐκ

87 2522 260 2577 convolutum
272 2521 455 2589 demetebsnt,
468 2535 499 2578 ut
507 2524 550 2577 rel
558 2542 601 2579 re-
646 2525 782 2596 isrsppspte
795 2532 832 2593 τῷ
844 2530 941 2593 καυλῷ,
951 2535 1003 2577 etc.
1014 2556 1054 2567 -
1065 2526 1104 2576 Et
1116 2546 1159 2577 cu·

89 2614 189 2655 sentem
203 2602 395 2669 comederent,
406 2604 448 2657 rel
461 2604 489 2657 in
504 2602 601 2659 condi·
645 2608 744 2657 ιιιιιιιιιι.
755 2604 887 2658 Hactenus
899 2602 1019 2668 editum,
1032 2604 1087 2657 uab
1103 2604 1160 2657 imo

89 2694 179 2735 mento
188 2694 333 2737 servarem.
343 2684 412 2737 Dar..
645 2681 726 2737 dorso
740 2708 752 2731 s
764 2720 773 2748 ,
785 2681 862 2756 quod
875 2684 955 2756 plane
968 2684 1097 2736 insulsum
1111 2696 1159 2736 est.

129 2778 175 2831 ¹9·
192 2760 383 2836 Corynalosque,
401 2773 452 2815 etc.
469 2758 602 2834 Corymbi
646 2763 749 2817 Auctor
770 2760 931 2816 emendandi
956 2761 1056 2815 exstitit
1069 2762 1162 2815 Tbeo·

89 2842 199 2912 proprie
205 2837 602 2909 dicmrturederarumurss,de-
645 2842 707 2913 pbr.
721 2840 787 2895 Hist
800 2842 886 2908 vm,
904 2844 921 2896 8
933 2858 940 2893 :
956 2843 991 2893 Τὸ
1007 2836 1039 2895 eli
1053 2842 1162 2913 bsopus'·

89 2918 270 2989 pmdmrtiltus
287 2921 370 2975 seinis
385 2932 482 2974 coactu
494 2940 501 2975 τ
515 2934 601 2976 trans·
645 2940 717 2993 μνον
731 2923 799 2983 sust<
813 2925 841 2975 lsi
853 2927 899 2983 τίς
914 2921 979 2992 ῥίζης
989 2928 1025 2992 τῷ
1037 2922 1160 2993 κυμίνῳ...

90 2998 602 3055 ιπιιιιιιιιιιιιιιιιιάιιιιιΙιοιΙιιιιιιιιιιιι
645 3003 674 3054 rb
690 2996 834 3071 λιμόδορον,
855 3002 1032 3073 μονόκωλον...
1051 3002 1117 3073 ῥίζαι
1132 2996 1163 3054 li

91 3078 211 3144 iraetns,
226 3096 340 3149 quarum
358 3079 461 3151 fastigia
475 3080 545 3133 acini
557 3082 602 3151 ju·
647 3081 697 3148 Ιχιι
722 3080 914 3151 ὑπιςρόγγιλοι.
944 3077 1050 3144 ·Qu0d
1072 3092 1162 3133 autem

90 3158 175 3213 cunda
188 3170 445 3213 uetustatecomant.
460 3154 550 3212 lisso.
586 3169 590 3177 ·
646 3159 737 3213 statim
754 3159 889 3213 abradice
901 3158 1162 3213 cuminosubussci·

127 3238 217 3292 Lvu.
236 3255 261 3290 ι.
282 3238 393 3309 risusque
405 3248 431 3291 et
447 3258 485 3289 oc.
502 3234 603 3292 Pallad.
647 3250 706 3303 tur,
725 3250 755 3292 et
775 3237 938 3293 limodorum
957 3250 1077 3305 vocatur,
1101 3240 1164 3292 uni·

92 3316 157 3372 Vin
173 3316 276 3387 Aprili,
288 3318 330 3371 tit.
349 3316 365 3369 8
377 3336 386 3373 a
403 3340 415 3361 ι
427 3318 494 3369 Rern
506 3318 603 3371 miram
647 3317 723 3372 ceule
744 3330 814 3372 eat...
832 3330 860 3371 et
880 3315 972 3372 radice
997 3317 1164 3372 subrutunda

93 3394 124 3449 sle
136 3398 227 3452 ocimo
239 3396 374 3467 Gargilius
385 3396 515 3451 Martialis
529 3398 604 3451 affir·
647 3397 781 3451 innititur.
796 3422 807 3445 ι
823 3398 868 3453 stc
879 3398 950 3452 enim
961 3398 990 3450 iu
1005 3396 1050 3450 ed.
1062 3395 1124 3450 8Ιᾶ.
1136 3410 1164 3452 et

92 3490 158 3543 rust,
166 3474 244 3550 quod
257 3474 339 3528 modo
351 3492 512 3547 purpureos,
520 3474 604 3530 modo
647 3476 704 3531 Boe
714 3477 822 3548 legitur.
832 3478 884 3531 Alii
896 3473 1038 3548 eludimus,
1049 3472 1163 3549 ipltltpcs

91 3556 164 3611 ‘albos
177 3556 273 3619 flores,
290 3553 373 3608 modo
388 3572 479 3609 roseos
498 3556 602 3625 pariat:
648 3556 694 3610 elii
708 3556 761 3627 legi
771 3556 887 3621 malunt,
898 3568 929 3609 ut
938 3555 1126 3628 Delecampius
1135 3558 1165 3611 in

94 3648 118 3691 et
133 3654 167 3691 ex
189 3653 222 3690 eo
242 3634 342 3688 semine
364 3634 519 3707 frequenter
535 3654 605 3691 sera-
647 3635 716 3691 nist.
731 3637 818 3690 Plaut.
833 3654 863 3707 p.
878 3634 946 3700 485.
963 3633 1018 3689 Setl
1034 3632 1164 3707 upttopo

93 3726 145 3781 tur,
158 3713 281 3768 modoin
297 3714 462 3785 serpyllum,
479 3712 561 3769 modo
575 3715 604 3768 in
649 3715 763 3769 omnino
787 3714 957 3771 scribendum
977 3732 1040 3768 oum
1059 3716 1168 3769 Pelliee·

93 3794 262 3865 sisymbrium
281 3806 437 3848 mutetur·
465 3792 525 3847 Hoc
541 3812 606 3849 vero
649 3795 692 3849 rio
711 3796 856 3857 sentimus,
882 3795 911 3847 iu
929 3795 1001 3848 notis
1014 3796 1167 3867 marginali·

93 3872 232 3946 'l'beopbn
250 3873 331 3926 hebet
345 3872 380 3927 de
394 3872 508 3933 CsusV
526 3875 552 3927 8.
571 3874 606 3927 Η.
649 3874 794 3928 bosus&
811 3872 847 3927 ad
859 3874 1076 3945 Theophrastil.
1091 3894 1117 3929 c.
1131 3876 1166 3931 Η.

132 3954 207 4006 s.1rs
224 3953 404 4007 ausurus.
421 3954 511 4018 Quum
529 3970 608 4025 supe·
694 3955 720 4007 52
733 3954 807 4008 Atto
816 3956 940 4025 privatius.
948 3952 1087 4025 Theopbr.
1097 3954 1169 4010 llist.

95 4022 1168 4105 ήυιιιοιιιιιιιιιιιιι,οιιι1ιοιιιοιιιοιι·νΠΙ,ιο;8ιια8ἱιιαὶψόραι,.κιιί

96 4122 126 4166 ta
149 4130 233 4184 genus
259 4112 389 4180 vucavit,
419 4128 479 4184 usp.
506 4118 553 4183 47.
577 4112 609 4166 lu
655 4071 762 4185 dipsis,
773 4114 883 4185 ωιέπιρ
898 4114 965 4167 ιδ’
940 4133 1078 4243 suppus.-
1067 4114 1169 4167 --Uou

942 4244 991 4315 ²9
