2925 5009
422 451 580 520 LIBER
604 451 752 522 XVIII.
1056 455 1125 554 317

73 585 142 676 ginis
158 607 287 652 causam
311 607 402 670 esse,
426 596 460 650 et
479 581 671 652 carbunculi
694 583 817 652 vitibus
838 609 847 650 τ
866 587 956 679 quod
974 607 1128 685 exparte

72 687 172 782 falsum
185 689 331 758 arbitror
343 743 354 778 ‚
366 713 565 782 omuernque
578 689 749 758 uredinem
764 690 889 785 frigore
902 707 1030 764 tanturn
1046 721 1122 766 con·

70 809 160 881 stare,
172 795 238 866 sole
253 798 404 866 innoxio.
418 795 458 864 ld
471 795 680 864 manifestum
694 795 753 864 fiet
764 796 1028 887 attendentibus;
1048 827 1125 872 narn

69 901 193 994 primum
215 903 371 972 omniurn
394 927 463 970 uon
483 901 550 972 hor.
572 901 723 986 evenire,
745 904 808 972 nisi
828 905 982 977 noctibus
995 923 1030 978 et
1048 925 1127 980 aute

69 1005 131 1074 solis
147 1009 324 1096 ardorem,
347 1007 619 1104 deprehenditur,
641 1022 816 1104 totumque
834 1008 941 1082 lunari
953 999 978 1036 ²⁸
995 1017 1125 1086 ratione

68 1127 201 1183 constat:
219 1117 386 1209 quoniam
403 1113 476 1184 talis
494 1114 614 1208 injuria
632 1139 700 1185 non
714 1115 753 1184 fit
765 1117 830 1185 nisi
843 1116 1037 1208 interlunio,
1056 1121 1125 1216 ple·

67 1241 137 1288 nave
145 1217 322 1307 luna‚hoe
334 1219 786 1316 est‚praevalente:utroque
798 1225 887 1292 enirn
898 1223 1015 1294 habitu
1026 1227 1125 1321 plena

66 1337 122 1412 ert,
149 1341 185 1396 ut
211 1329 338 1422 saepius
359 1324 556 1396 diximus²⁹:
579 1327 637 1396 sed
659 1327 840 1398 interlunio
866 1355 967 1400 omne
991 1332 1125 1422 lumen,

66 1429 177 1521 quoda
204 1432 276 1504 sole
298 1434 448 1528 accepit,
470 1430 551 1504 caelo
572 1436 703 1529 regerit.
734 1434 935 1506 Differentia
953 1440 1124 1536 utriusque
1145 1501 1174 1537 η

67 1533 179 1608 babitus
198 1563 349 1634 magua,
365 1539 424 1610 sed
440 1539 634 1609 manifesta:
652 1563 797 1636 namque
814 1541 994 1613 interlunio
1012 1562 1124 1617 testate

66 1639 243 1714 calidissima
255 1661 326 1739 eet,
337 1647 449 1716 hieme
461 1645 578 1741 gelida.
589 1649 618 1716 E
630 1646 762 1716 diverso
775 1649 809 1716 in
819 1645 1004 1741 plenilunio
1011 1668 1126 1724 testate

67 1745 181 1842 frigidas
198 1751 282 1822 lacit
300 1766 437 1838 noctes,
458 1751 568 1822 hieme
588 1752 725 1847 tepidas.
749 1755 861 1824 Causa
881 1755 1043 1828 evidens:
1065 1760 1124 1828 ced

67 1849 116 1921 alia
134 1856 282 1927 redditur
308 1883 330 1928 a
363 1857 530 1947 Fabiano,
559 1862 741 1955 graecisque
767 1861 967 1932 auctoribus.
998 1865 1124 1936 AEsute

66 1960 138 2028 enirn
164 1964 349 2034 interlunio
373 1989 505 2036 neeesse
533 1979 597 2051 est,
622 1991 724 2060 quum
754 1963 824 2035 sole
848 1966 944 2036 nobis
966 1973 1124 2064 proximo

68 2063 172 2138 circulo
189 2087 330 2160 currat,
354 2073 431 2166 igne
448 2072 519 2165 ejus
543 2074 695 2142 cominus
713 2085 851 2167 recepto
869 2072 1040 2147 madens:
1066 2103 1122 2148 ea·

67 2167 188 2267 demque
212 2177 398 2247 interlunio
422 2176 509 2247 absit
529 2177 657 2266 hieme,
678 2177 813 2273 quando
835 2178 985 2250 abscedit
1001 2198 1036 2253 et
1061 2183 1120 2254 sol.

67 2275 137 2346 Item
158 2280 343 2375 plenilunio
364 2283 478 2354 aestivo
499 2282 616 2380 procul
635 2284 734 2354 abeat
749 2283 888 2354 adversa
905 2285 966 2355 soli
985 2313 994 2356 ε
1013 2289 1122 2362 bieme

68 2397 159 2453 autem
178 2389 220 2458 ad
242 2416 307 2460 nos
322 2413 385 2486 per
400 2391 549 2460 aestivum
565 2388 725 2462 circulum
742 2390 888 2460 accedat.
903 2394 995 2489 Ergo
1011 2420 1071 2491 per
1085 2423 1122 2469 se

70 2491 178 2562 roscida
204 2498 337 2590 quoties
368 2494 475 2590 alget,
502 2496 668 2567 infinitum
699 2511 860 2590 quantum
891 2495 949 2566 illo
969 2513 1121 2599 tempore

68 2593 200 2670 cedentes
218 2605 358 2696 pruinas
377 2599 539 2698 congelat

110 2705 223 2776 LXIX.
246 2712 337 2778 Ante
359 2709 469 2776 omnia
482 2722 594 2778 autem
611 2707 680 2778 duo
695 2733 816 2803 genera
827 2733 899 2780 esse
916 2711 1054 2784 caetestis
1069 2717 1118 2785 in·
1141 2775 1151 2806 ,

69 2802 143 2893 iuriae
164 2817 353 2884 meminisse
372 2814 543 2883 debemus.
577 2816 690 2884 Unum
713 2813 804 2910 quod
826 2829 1039 2910 tempestates
1059 2847 1118 2892 vo·

71 2934 179 3005 camus,
197 2921 371 3017 inquibus
389 2921 586 3014 grandines,
607 2920 782 3016 procellae,
800 2935 983 3018 caeteraque
1003 2927 1119 2998 similia

71 3016 295 3119 intelliguntur:
311 3051 386 3121 quae
397 3051 499 3121 quum
509 3026 704 3112 acciderint,
722 3029 772 3096 vis
785 3028 908 3122 major¹
922 3031 1117 3126 appellatur.

101 3213 140 3266 ab.
156 3217 288 3294 Terrorque
306 3221 395 3272 lunari.
410 3219 433 3270 Α
447 3218 510 3271 luna
521 3219 562 3271 ri·
607 3231 664 3282 est,
682 3237 739 3291 quo
751 3219 831 3272 etiam
848 3233 930 3274 noctu
946 3221 1008 3277 luna
1027 3239 1119 3297 pum.

72 3285 124 3342 tium
132 3295 256 3369 rubiginis
265 3301 363 3353 oritur.
376 3299 514 3370 Theopbr.
529 3297 563 3351 de
606 3299 694 3354 fucere
707 3309 801 3370 potest.
820 3323 832 3345 ι
848 3299 939 3354 Reno.

72 3361 208 3443 cauum,
233 3399 270 3450 ²7
286 3369 496 3450 :Ildllpuelssm
517 3397 563 3431 σα·
649 3399 693 3447 ²9·
710 3378 844 3448 Utsoepius
863 3381 1118 3454 damhprimu

73 3448 145 3513 Illuc
168 3475 212 3518 τις·
233 3454 304 3513 οὐδὲν
328 3453 358 3510 dd
383 3460 476 3522 caepit
504 3458 561 3510 triu
606 3457 654 3510 lib.
674 3459 716 3524 II,
730 3459 764 3521 6,
785 3457 834 3511 ubi
855 3458 883 3512 ln
904 3459 965 3532 lpeo
985 3467 1050 3517 coiea
1068 3485 1117 3520 non

72 3525 193 3597 Wfflre
207 3537 347 3610 ἀλλοτρίας·
357 3539 452 3608 μέλις-α
464 3531 493 3590 dl
509 3539 561 3607 lpu·
605 3539 672 3590 cerni
689 3537 779 3591 lunam
796 3535 935 3602 admouet,
961 3565 980 3588 ι.
990 3544 1116 3613 Quoiam

73 3602 162 3665 utura
176 3619 240 3679 σῖτος
259 3621 316 3679 ταῖς
332 3617 502 3678 ementitur.
520 3621 560 3671 tut
605 3617 729 3670 baustum
751 3633 858 3670 omnem
877 3618 945 3671 lucie
958 3637 1047 3676 averae
1068 3625 1116 3678 illo

74 3681 152 3748 ulfi*
168 3697 266 3754 aulum
283 3703 317 3767 τῇ
331 3699 460 3768 οιρμότητι
473 3697 560 3754 σήπειν
603 3709 720 3768 regerat,
743 3693 815 3749 unde
837 3710 982 3768 receperat.
1004 3725 1016 3747 ι
1040 3702 1075 3756 Η.

72 3765 195 3834 'limo
206 3801 218 3824 ι
228 3777 337 3848 Rubigo
346 3789 432 3830 autem
444 3775 560 3849 putredo
644 3777 742 3829 Lxlx.
755 3793 780 3828 r.
794 3776 841 3828 Vre
853 3779 939 3848 majore
961 3778 1048 3834 Greci
1061 3788 1115 3838 enoc

52 3843 171 3910 ’ΜΝ
188 3869 224 3910 eet
241 3873 248 3908 :
266 3874 317 3909 nec
340 3855 479 3928 putridum
504 3873 560 3910 eeae
608 3857 663 3922 βίαν
689 3867 806 3921 vocabu
825 3857 907 3911 latine
925 3857 979 3910 rim
996 3857 1115 3917 divinam

75 3922 197 3998 quidqmm
203 3947 291 4006 potest
301 3935 359 3988 eine
367 3935 560 3994 alienucalore.
604 3933 1049 4009 dixitUlpiauue‚leg.sluminum‚§
1060 3961 1115 3996 m.

74 3998 182 4064 'lritieuur
207 4015 363 4087 pleniluniis
393 4013 560 4087 potissimum
604 4014 836 4086 vue‚Dig·darenl
849 4017 939 4084 resecti.
951 4015 1043 4084 Idem,
1060 4022 1114 4094 leg.

77 4081 199 4156 rubiginem
220 4095 301 4167 capit.
324 4095 402 4148 Ratio
424 4095 452 4148 in
472 4094 561 4148 calore
609 4114 643 4166 ¹9
653 4131 661 4160 ,
672 4095 738 4176 Dig3
746 4095 787 4148 tit.
799 4114 825 4163 a,
833 4096 908 4150 locuti
917 4098 1035 4167 conducti,
1048 4095 1116 4162 §Ee
