2925 5009
351 503 421 602 196
603 499 643 566 c.
674 491 847 568 rernm
874 493 983 566 nur.
1013 496 1143 566 ursr.
1191 443 1196 454 ’

309 645 326 698 6
398 636 493 707 Fabae
513 635 547 702 in
565 629 644 700 lolia
658 646 796 717 exeunt,
809 655 848 700 ac
862 629 982 700 deinde
995 626 1125 699 caulem
1144 629 1312 714 emittunt,
1325 628 1389 698 oul-

345 732 412 815 lis⁴²
432 742 623 812 distinctum
647 737 853 807 internodiis.
868 720 1040 831 Reliqua⁴³
1058 734 1224 830 legumina
1241 734 1389 806 surculosa

345 865 430 922 sunt.
448 852 499 918 Ex
519 829 602 916 his⁴⁴
621 867 767 930 ramosa,
786 847 884 923 cicer,
912 867 1045 923 ervum,
1077 841 1388 930 lens·Quommdan

345 955 454 1028 caules
465 964 668 1048 sparguntur
675 951 709 1018 iu
718 964 859 1032 terram,
873 951 900 1018 si
913 973 981 1018 uon
994 949 1142 1018 habeant
1155 947 1389 1033 adminiculum,

344 1079 382 1133 ut
401 1065 559 1158 pisorum.
580 1055 681 1146 Quod
700 1057 806 1126 sinon
822 1055 987 1139 habuere,
1007 1055 1172 1124 deteriora
1188 1055 1280 1124 liunt
1294 1057 1389 1148 legu-

343 1153 501 1240 minum⁴⁵
522 1161 681 1234 unicaulis
700 1163 776 1233 faba
793 1162 880 1245 sola,
899 1185 986 1230 unus
1001 1175 1036 1230 et
1053 1159 1176 1255 lupinis
1195 1183 1205 1228 t
1222 1163 1338 1230 ceteris
1351 1185 1391 1229 rr-

308 1305 323 1358 7
343 1259 488 1346 morus*⁶
502 1271 660 1370 prmtenui
683 1267 817 1339 surculo
841 1294 849 1334 ε
873 1267 1028 1337 omnibus
1047 1291 1129 1336 vero
1148 1265 1319 1336 fistulosus
1337 1269 1388 1336 ro

343 1380 422 1452 lium
445 1377 596 1476 quaedam
622 1375 665 1443 ub
694 1375 804 1444 radice
832 1377 985 1460 mittunt,
1009 1372 1160 1468 quaedam
1186 1376 1387 1442 acacumine.

342 1471 585 1559 Frumentum⁴⁷
597 1507 695 1570 vero,
709 1495 743 1550 et
758 1480 943 1565 hordeum,
960 1481 1129 1574 vicisque,
1145 1494 1180 1549 et
1199 1479 1348 1575 quidquid
1361 1481 1388 1546 in

382 1677 428 1734 Aa.
440 1667 523 1722 Nullis
531 1663 677 1717 distinctum.
687 1661 775 1717 Nullis
784 1675 855 1717 eerte
898 1663 999 1715 caulem
1014 1681 1068 1715 non
1082 1679 1166 1714 unum
1180 1680 1215 1713 ex
1228 1659 1347 1731 singulari
1355 1679 1390 1712 ra·

341 1748 469 1822 geniculis
493 1747 683 1815 interruptum,
709 1743 832 1813 glabrum
846 1783 854 1806 ,
898 1740 958 1795 dice
971 1758 1128 1812 erumpere,
1139 1753 1171 1794 nt
1180 1741 1289 1794 unicum
1299 1740 1390 1811 lupino,

341 1832 501 1897 inanemque
512 1824 615 1878 caulem
627 1823 694 1876 fabre
706 1823 857 1887 ceruimus,
898 1821 1061 1892 experientia
1073 1833 1272 1874 commonstrat.
1284 1819 1393 1873 R-lae·

341 1907 390 1961 etri
404 1905 621 1976 Theophrastus,
633 1901 701 1956 Hist.
715 1902 763 1955 lib.
774 1903 857 1966 vm,
896 1903 1092 1970 gumirmetc.
1104 1899 1198 1964 Quum
1208 1901 1304 1953 sitnon
1317 1899 1393 1969 exigua

341 2005 399 2059 cap.
416 2005 447 2051 r,
458 1978 590 2055 rorarddu
604 1983 691 2034 καυλὸν
706 1983 801 2052 κυάμου
811 2001 857 2034 ro·
898 1979 1052 2034 differentia
1071 1979 1143 2033 iuter
1162 1998 1296 2032 murorum
1311 1991 1336 2034 et
1346 1997 1392 2030 mr·

341 2079 391 2121 cat.
408 2065 443 2119 H.
454 2097 495 2108 -
504 2063 587 2116 Nullis
600 2061 737 2114 distinctum
753 2064 858 2114 intemo·
899 2061 1021 2114 colosum
1035 2048 1080 2128 (ut
1092 2060 1337 2123 monstrantrerhr,
1346 2075 1392 2130 qu
1413 2065 1419 2072 '

341 2148 398 2200 diis.
419 2145 447 2198 si
467 2156 590 2198 exortum
610 2141 777 2194 ramulorum
797 2160 857 2211 ape-
898 2141 988 2193 statim
1016 2152 1078 2194 aute
1106 2153 1295 2210 processerunt
1313 2157 1321 2191 ε
1338 2137 1392 2192 dixit

342 2239 454 2285 ctes‚ea
469 2234 572 2278 tantum
589 2233 677 2292 parte,
700 2239 752 2290 qua
774 2219 856 2292 prod·
898 2219 1121 2290 enim,·reliqua
1136 2219 1392 2290 leguminarnrculosa

342 2319 417 2372 eunt,
424 2302 577 2375 geniculum
585 2319 677 2354 revera
684 2300 858 2370 conspicitur,
898 2313 968 2352 sunt.
982 2299 1021 2351 Er
1036 2297 1079 2351 his
1090 2317 1196 2352 ramosa
1207 2299 1291 2362 cicer,
1303 2317 1391 2360 aron,

340 2385 369 2438 id
382 2381 455 2456 quod
474 2382 511 2436 ait
524 2380 742 2452 Theophrastus:
758 2380 779 2432 si
792 2397 857 2434 rero
898 2383 955 2432 lens
964 2404 976 2426 ι
986 2371 1014 2445 );
1030 2397 1082 2449 qua
1093 2379 1200 2431 rstione
1212 2379 1330 2433 consistet
1346 2379 1391 2431 hee

340 2463 443 2519 nodum
467 2479 592 2516 vocamus
617 2459 761 2514 articulum
780 2498 788 2525 ‚
809 2460 857 2531 qui
898 2457 1046 2513 sententia?
1063 2485 1074 2506 ι
1087 2458 1197 2512 Ceteris
1209 2477 1324 2513 ramosus
1337 2475 1390 2530 pru·

341 2543 417 2596 omni
431 2561 464 2596 ex
488 2553 565 2612 parte
587 2539 689 2593 caulem
714 2539 816 2602 umhit,
830 2552 857 2592 et
899 2537 972 2591 tenui
997 2538 1127 2603 surculo;
1146 2562 1158 2585 ι
1186 2536 1309 2592 ridentur
1334 2537 1391 2592 euin

341 2620 492 2677 internodia
507 2630 631 2690 separat,
653 2619 766 2672 infabre
781 2617 857 2671 caule
899 2617 981 2670 verba
995 2619 1065 2670 inter
1079 2636 1107 2671 se
1127 2635 1257 2691 pugnare.
1276 2617 1389 2671 lhmirrn

340 2703 429 2757 nullus
442 2713 489 2754 est.
503 2701 597 2770 ltaque
612 2698 732 2770 quamvis
746 2697 855 2768 genicu-
897 2697 998 2751 inverti
1010 2696 1124 2762 debent,
1140 2711 1170 2750 ut
1179 2695 1391 2762 arbitrumdiotir

340 2782 409 2836 lutus
420 2781 443 2835 is
454 2781 500 2845 sit,
509 2778 589 2832 nullis
600 2789 687 2830 tamen
697 2775 857 2831 internodiis
898 2795 965 2841 nes,
978 2775 1190 2849 legendumque,
1201 2803 1212 2826 ι
1222 2795 1291 2830 nnus
1299 2791 1324 2830 et
1334 2775 1389 2846 lupi·

339 2859 520 2932 distinguitur.
530 2855 647 2924 Quidam
658 2856 764 2929 legunt,
776 2857 856 2908 multis
897 2857 940 2910 nis
954 2857 1085 2930 praetenui
1104 2857 1212 2910 rumulo
1225 2895 1233 2922 ,
1253 2857 1347 2910 ceteris
1357 2874 1389 2907 rr·

338 2941 486 3008 distinctum.
502 2939 605 2990 Danao.
898 2954 995 2990 morus.
1009 2963 1021 2984 ·
1038 2937 1111 2990 Pint.
1125 2935 1328 3008 Theophrastus,
1337 2935 1388 2988 llist

382 3019 428 3085 43.
442 3019 576 3089 Reliqua...
589 3017 711 3068 surculosa
722 3029 788 3070 sunt.
797 3017 855 3070 Hoc
897 3015 945 3070 lib.
957 3018 1041 3084 Vnt,
1056 3033 1115 3088 cap.
1134 3035 1161 3069 a.
1176 3018 1280 3071 Daue.

338 3098 520 3172 eat,plurese
533 3095 854 3150 maradicecauleaenrit·
939 3101 984 3161 46.
1009 3097 1135 3149 Bonosus.
1159 3095 1286 3162 Ceteris,
1304 3093 1387 3167 inquit.

339 3193 399 3234 tunt
418 3197 425 3232 :
445 3176 478 3232 ria
499 3178 543 3248 pir
567 3171 681 3246 χιδροπὰ
701 3177 853 3229 rotimum.
897 3175 980 3228 caulis
1002 3176 1031 3228 in
1052 3193 1142 3230 ramos
1165 3176 1313 3247 spergitur,
1331 3175 1387 3246 tipo

341 3258 518 3333 Theophrast.
532 3255 585 3309 loo.
604 3255 649 3308 eit.
664 3251 756 3307 Haan.
896 3256 1043 3324 pretenui,
1054 3255 1101 3309 red
1114 3253 1212 3308 eodem
1225 3253 1386 3312 insurfistrde

382 3343 429 3403 44.
445 3339 488 3390 Er
506 3337 543 3388 lu'r
562 3353 667 3386 ramoso.
685 3330 853 3399 nudanda,
895 3351 1023 3388 concavo.
1038 3335 1129 3388 Hrau.

338 3435 454 3492 quoram
470 3415 554 3469 caulis
569 3415 597 3467 in
619 3413 709 3484 plures
725 3412 855 3468 refundit
938 3420 983 3485 47.
996 3415 1159 3468 Frumentum.
1172 3415 1386 3488 Priuslegelraturt

338 3498 464 3554 ramulos.
479 3493 637 3558 lie-Cicer,
646 3511 735 3556 ervum,
748 3506 798 3546 etr.
812 3495 853 3550 Ne
889 3495 1037 3561 frumentur·
1048 3507 1072 3547 et
1082 3495 1196 3548 uorum
1206 3491 1386 3570 uuusqarsahi

336 3579 435 3650 saepius
456 3579 548 3630 eadem
576 3586 747 3644 repetentur,
773 3591 852 3626 suum
895 3586 1040 3646 retorquet
1053 3573 1151 3628 mirum
1163 3575 1193 3628 in
1203 3573 1312 3628 modum
1324 3573 1383 3627 nate

337 3661 434 3730 cuique
446 3654 611 3726 leguminum
623 3651 713 3724 generi
729 3671 853 3708 nomena
894 3654 1030 3726 campim,
1043 3667 1073 3708 at
1085 3653 1222 3726 quodnam
1232 3656 1267 3708 sit
1276 3652 1385 3710 hordeum

336 3735 542 3796 nocentioribus
559 3732 676 3788 inditum
697 3733 851 3803 alligemus,
894 3745 1053 3804 utrumque,
1067 3735 1200 3806 explanet.
1212 3735 1268 3788 Nos
1278 3735 1384 3787 moran

335 3835 421 3890 quum
447 3813 482 3868 de
509 3830 672 3884 unoquoque
699 3811 853 3882 singulatim
895 3811 965 3866 hanc
978 3813 1119 3868 lectionem
1131 3831 1187 3885 ope
1198 3813 1259 3868 eod.
1271 3813 1341 3869 coll.
1356 3810 1382 3867 l.

337 3899 443 3960 Noster,
456 3907 486 3948 ut
498 3893 581 3958 solet,
594 3891 727 3946 tractabit.
744 3893 798 3945 En.
895 3905 922 3945 et
935 3893 995 3946 Par·
1010 3907 1238 3966 representamus.
1249 3893 1326 3946 11...
1334 3891 1384 3944 rn-

378 3977 424 4042 45.
437 3975 593 4043 Leguminum
602 3971 728 4025 romulu.
742 3973 782 4024 De
791 3972 851 4026 lube
895 3985 998 4026 merium
1010 3987 1035 4025 et
1040 3974 1166 4039 hordeum,
1175 3987 1227 4028 etc.
1233 3974 1383 4026 Frumentum

334 4053 623 4130 graecaloquitur,seu
637 4051 849 4104 latina:eienim
895 4065 921 4105 et
945 4052 1077 4108 hordeum
1102 4053 1254 4118 enascitur,
1275 4063 1382 4119 turaque

334 4155 414 4212 quem
433 4153 482 4188 uos
502 4133 588 4188 labam
612 4131 691 4202 vulgo
713 4129 849 4200 dicimus,
894 4131 987 4204 prodit
1005 4126 1198 4204 (ereptum),
1213 4134 1288 4188 unico
1310 4129 1379 4186 tolo:
