<?xml version="1.0" encoding="UTF-8"?>
<!DOCTYPE html PUBLIC "-//W3C//DTD XHTML 1.0 Transitional//EN"
    "http://www.w3.org/TR/xhtml1/DTD/xhtml1-transitional.dtd">
<html xmlns="http://www.w3.org/1999/xhtml" xml:lang="en" lang="en">
 <head>
  <title>
</title>
<meta http-equiv="Content-Type" content="text/html;charset=utf-8" />
  <meta name='ocr-system' content='tesseract 3.04.00' />
  <meta name='ocr-capabilities' content='ocr_page ocr_carea ocr_par ocr_line ocrx_word'/>
</head>
<body>
  <div class='ocr_page' id='page_1' title='image "./caiipliniisecun02unkngoog_0339.png"; bbox 0 0 2925 5009; ppageno 0'>
   <div class='ocr_carea' id='block_1_1' title="bbox 335 443 1123 517">
    <p class='ocr_par' dir='ltr' id='par_1_1' title="bbox 335 443 1123 517">
     <span class='ocr_line' id='line_1_1' title="bbox 335 443 1123 517; baseline -0.01 -1"><span class='ocrx_word' id='word_1_1' title='bbox 335 445 404 517; x_wconf 73' lang='lat'>326</span> <span class='ocrx_word' id='word_1_2' title='bbox 606 449 646 514; x_wconf 91' lang='lat' dir='ltr'>C.</span> <span class='ocrx_word' id='word_1_3' title='bbox 672 445 837 514; x_wconf 89' lang='lat' dir='ltr'>PLlNll</span> <span class='ocrx_word' id='word_1_4' title='bbox 860 443 969 510; x_wconf 74' lang='lat' dir='ltr'>Nat.</span> <span class='ocrx_word' id='word_1_5' title='bbox 995 445 1123 511; x_wconf 80' lang='lat' dir='ltr'>HIST.</span> 
     </span>
    </p>
   </div>
   <div class='ocr_carea' id='block_1_2' title="bbox 298 560 1389 1418">
    <p class='ocr_par' dir='ltr' id='par_1_2' title="bbox 327 560 1389 884">
     <span class='ocr_line' id='line_1_2' title="bbox 331 560 1387 672; baseline -0.004 -22"><span class='ocrx_word' id='word_1_6' title='bbox 331 583 383 651; x_wconf 89' lang='lat' dir='ltr'>nis</span> <span class='ocrx_word' id='word_1_7' title='bbox 410 580 573 650; x_wconf 82' lang='lat' dir='ltr'>sententia</span> <span class='ocrx_word' id='word_1_8' title='bbox 593 602 729 648; x_wconf 83' lang='lat' dir='ltr'>amurca</span> <span class='ocrx_word' id='word_1_9' title='bbox 749 560 963 672; x_wconf 83' lang='lat' dir='ltr'>temperata³‚</span> <span class='ocrx_word' id='word_1_10' title='bbox 980 574 1112 670; x_wconf 78' lang='lat' dir='ltr'>Virgilii</span> <span class='ocrx_word' id='word_1_11' title='bbox 1129 579 1304 671; x_wconf 68' lang='lat' dir='ltr'>operosius</span> <span class='ocrx_word' id='word_1_12' title='bbox 1317 579 1387 646; x_wconf 75' lang='lat' dir='ltr'>ats-</span> 
     </span>
     <span class='ocr_line' id='line_1_3' title="bbox 327 681 1389 782; baseline -0.005 -25"><span class='ocrx_word' id='word_1_13' title='bbox 327 687 403 780; x_wconf 83' lang='lat' dir='ltr'>jore</span> <span class='ocrx_word' id='word_1_14' title='bbox 417 711 458 756; x_wconf 84' lang='lat' dir='ltr'>ex</span> <span class='ocrx_word' id='word_1_15' title='bbox 479 700 574 782; x_wconf 79' lang='lat' dir='ltr'>porte</span> <span class='ocrx_word' id='word_1_16' title='bbox 598 698 731 780; x_wconf 83' lang='lat' dir='ltr'>oequnnt</span> <span class='ocrx_word' id='word_1_17' title='bbox 754 698 904 766; x_wconf 77' lang='lat' dir='ltr'>tanturn,</span> <span class='ocrx_word' id='word_1_18' title='bbox 930 697 964 750; x_wconf 91' lang='lat' dir='ltr'>et</span> <span class='ocrx_word' id='word_1_19' title='bbox 984 681 1066 752; x_wconf 85' lang='lat' dir='ltr'>fimo</span> <span class='ocrx_word' id='word_1_20' title='bbox 1090 681 1217 752; x_wconf 91' lang='lat' dir='ltr'>bubulo</span> <span class='ocrx_word' id='word_1_21' title='bbox 1242 683 1389 752; x_wconf 90' lang='lat' dir='ltr'>dilutiore</span> 
     </span>
     <span class='ocr_line' id='line_1_4' title="bbox 329 787 1222 884; baseline -0.004 -22"><span class='ocrx_word' id='word_1_22' title='bbox 329 792 471 862; x_wconf 80' lang='lat' dir='ltr'>illinunt</span> <span class='ocrx_word' id='word_1_23' title='bbox 493 793 535 862; x_wconf 90' lang='lat' dir='ltr'>ld</span> <span class='ocrx_word' id='word_1_24' title='bbox 554 793 635 862; x_wconf 74' lang='lat' dir='ltr'>sutis</span> <span class='ocrx_word' id='word_1_25' title='bbox 652 789 695 860; x_wconf 82' lang='lat' dir='ltr'>ad</span> <span class='ocrx_word' id='word_1_26' title='bbox 714 787 859 884; x_wconf 78' lang='lat' dir='ltr'>pulveris</span> <span class='ocrx_word' id='word_1_27' title='bbox 876 788 1060 858; x_wconf 83' lang='lat' dir='ltr'>remedium</span> <span class='ocrx_word' id='word_1_28' title='bbox 1081 789 1222 858; x_wconf 85' lang='lat' dir='ltr'>videtur.</span> 
     </span>
    </p>

    <p class='ocr_par' dir='ltr' id='par_1_3' title="bbox 298 887 1389 1418">
     <span class='ocr_line' id='line_1_5' title="bbox 298 887 1386 991; baseline -0.001 -28"><span class='ocrx_word' id='word_1_29' title='bbox 298 927 311 963; x_wconf 82' lang='grc' dir='ltr'>ι</span> <span class='ocrx_word' id='word_1_30' title='bbox 385 900 527 970; x_wconf 80' lang='lat' dir='ltr'>Lxxlt.</span> <span class='ocrx_word' id='word_1_31' title='bbox 552 887 679 990; x_wconf 83' lang='lat' dir='ltr'>(xxx.)</span> <span class='ocrx_word' id='word_1_32' title='bbox 697 897 816 966; x_wconf 74' lang='lat' dir='ltr'>Mensis</span> <span class='ocrx_word' id='word_1_33' title='bbox 835 895 938 991; x_wconf 80' lang='lat' dir='ltr'>ipsius</span> <span class='ocrx_word' id='word_1_34' title='bbox 959 895 1044 964; x_wconf 83' lang='lat' dir='ltr'>ratio</span> <span class='ocrx_word' id='word_1_35' title='bbox 1066 897 1169 964; x_wconf 77' lang='lat' dir='ltr'>vorin.</span> <span class='ocrx_word' id='word_1_36' title='bbox 1195 892 1386 965; x_wconf 78' lang='lat' dir='ltr'>Galliarum&#39;</span> 
     </span>
     <span class='ocr_line' id='line_1_6' title="bbox 330 1000 1389 1098; baseline -0.005 -24"><span class='ocrx_word' id='word_1_37' title='bbox 330 1003 512 1074; x_wconf 83' lang='lat' dir='ltr'>latifundiis</span> <span class='ocrx_word' id='word_1_38' title='bbox 530 1000 622 1072; x_wconf 84' lang='lat' dir='ltr'>valli²</span> <span class='ocrx_word' id='word_1_39' title='bbox 639 1001 850 1098; x_wconf 68' lang='lat' dir='ltr'>praegrandes</span> <span class='ocrx_word' id='word_1_40' title='bbox 868 1001 1023 1071; x_wconf 79' lang='lat' dir='ltr'>dentibus</span> <span class='ocrx_word' id='word_1_41' title='bbox 1040 1002 1075 1069; x_wconf 89' lang='lat' dir='ltr'>in</span> <span class='ocrx_word' id='word_1_42' title='bbox 1089 1003 1239 1096; x_wconf 70' lang='lat' dir='ltr'>margine</span> <span class='ocrx_word' id='word_1_43' title='bbox 1254 1001 1389 1080; x_wconf 59' lang='lat' dir='ltr'>intem,</span> 
     </span>
     <span class='ocr_line' id='line_1_7' title="bbox 330 1105 1389 1204; baseline -0.007 -24"><span class='ocrx_word' id='word_1_44' title='bbox 330 1111 462 1182; x_wconf 85' lang='lat' dir='ltr'>duabus</span> <span class='ocrx_word' id='word_1_45' title='bbox 487 1111 568 1180; x_wconf 87' lang='lat' dir='ltr'>rotis</span> <span class='ocrx_word' id='word_1_46' title='bbox 595 1133 656 1204; x_wconf 87' lang='lat' dir='ltr'>per</span> <span class='ocrx_word' id='word_1_47' title='bbox 681 1123 827 1203; x_wconf 77' lang='lat' dir='ltr'><strong>segetem</strong></span> <span class='ocrx_word' id='word_1_48' title='bbox 846 1105 1079 1202; x_wconf 84' lang='lat' dir='ltr'>impelluntur,</span> <span class='ocrx_word' id='word_1_49' title='bbox 1097 1107 1252 1200; x_wconf 86' lang='lat' dir='ltr'>jumento</span> <span class='ocrx_word' id='word_1_50' title='bbox 1266 1109 1300 1175; x_wconf 92' lang='lat' dir='ltr'>in</span> <span class='ocrx_word' id='word_1_51' title='bbox 1314 1131 1389 1175; x_wconf 91' lang='lat' dir='ltr'>oon·</span> 
     </span>
     <span class='ocr_line' id='line_1_8' title="bbox 329 1211 1386 1310; baseline -0.006 -24"><span class='ocrx_word' id='word_1_52' title='bbox 329 1217 469 1286; x_wconf 78' lang='lat' dir='ltr'>tranium</span> <span class='ocrx_word' id='word_1_53' title='bbox 491 1217 609 1310; x_wconf 87' lang='lat' dir='ltr'>juncto</span> <span class='ocrx_word' id='word_1_54' title='bbox 638 1241 646 1284; x_wconf 90' lang='lat'><strong>:</strong></span> <span class='ocrx_word' id='word_1_55' title='bbox 675 1216 722 1284; x_wconf 83' lang='lat' dir='ltr'>ita</span> <span class='ocrx_word' id='word_1_56' title='bbox 745 1215 883 1309; x_wconf 85' lang='lat' dir='ltr'>direptoe</span> <span class='ocrx_word' id='word_1_57' title='bbox 912 1215 946 1282; x_wconf 93' lang='lat' dir='ltr'>in</span> <span class='ocrx_word' id='word_1_58' title='bbox 976 1211 1103 1282; x_wconf 84' lang='lat' dir='ltr'>vallum</span> <span class='ocrx_word' id='word_1_59' title='bbox 1129 1212 1255 1282; x_wconf 81' lang='lat' dir='ltr'>eadunt</span> <span class='ocrx_word' id='word_1_60' title='bbox 1283 1213 1386 1307; x_wconf 63' lang='lat' dir='ltr'>spico</span> 
     </span>
     <span class='ocr_line' id='line_1_9' title="bbox 329 1308 1389 1418; baseline -0.005 -26"><span class='ocrx_word' id='word_1_61' title='bbox 329 1308 487 1418; x_wconf 57' lang='lat' dir='ltr'>stipula?</span> <span class='ocrx_word' id='word_1_62' title='bbox 502 1321 580 1391; x_wconf 82' lang='lat' dir='ltr'>alibi</span> <span class='ocrx_word' id='word_1_63' title='bbox 595 1321 711 1390; x_wconf 78' lang='lat' dir='ltr'>rnediae</span> <span class='ocrx_word' id='word_1_64' title='bbox 725 1319 810 1390; x_wconf 82' lang='lat' dir='ltr'>falce</span> <span class='ocrx_word' id='word_1_65' title='bbox 830 1319 1078 1415; x_wconf 69' lang='lat' dir='ltr'>prociduntur,</span> <span class='ocrx_word' id='word_1_66' title='bbox 1089 1310 1389 1414; x_wconf 76' lang='lat' dir='ltr'>atqueinter⁴duaa</span> 
     </span>
    </p>
   </div>
   <div class='ocr_carea' id='block_1_3' title="bbox 320 1531 1388 4146">
    <p class='ocr_par' dir='ltr' id='par_1_4' title="bbox 320 1531 1388 4146">
     <span class='ocr_line' id='line_1_10' title="bbox 324 1531 1388 1601; baseline -0.005 -12"><span class='ocrx_word' id='word_1_67' title='bbox 324 1535 427 1600; x_wconf 73' lang='lat' dir='ltr'>lindio,</span> <span class='ocrx_word' id='word_1_68' title='bbox 440 1536 475 1590; x_wconf 80' lang='lat' dir='ltr'>Et</span> <span class='ocrx_word' id='word_1_69' title='bbox 489 1533 616 1590; x_wconf 81' lang='lat' dir='ltr'>vertenda</span> <span class='ocrx_word' id='word_1_70' title='bbox 626 1551 721 1599; x_wconf 84' lang='lat' dir='ltr'>mano,</span> <span class='ocrx_word' id='word_1_71' title='bbox 731 1545 758 1587; x_wconf 92' lang='lat' dir='ltr'>et</span> <span class='ocrx_word' id='word_1_72' title='bbox 769 1545 840 1588; x_wconf 85' lang='lat' dir='ltr'>oreta</span> <span class='ocrx_word' id='word_1_73' title='bbox 862 1587 868 1600; x_wconf 72' lang='grc'>,</span> <span class='ocrx_word' id='word_1_74' title='bbox 926 1533 953 1586; x_wconf 78' lang='grc'>3.</span> <span class='ocrx_word' id='word_1_75' title='bbox 963 1531 1135 1601; x_wconf 68' lang='lat' dir='ltr'>Stabulaedibi</span> <span class='ocrx_word' id='word_1_76' title='bbox 1143 1532 1388 1600; x_wconf 53' lang='lat' dir='ltr'>madiasaloedlim</span> 
     </span>
     <span class='ocr_line' id='line_1_11' title="bbox 325 1610 1388 1683; baseline -0.004 -14"><span class='ocrx_word' id='word_1_77' title='bbox 325 1613 465 1669; x_wconf 79' lang='lat' dir='ltr'>solidanda</span> <span class='ocrx_word' id='word_1_78' title='bbox 478 1615 580 1680; x_wconf 81' lang='lat' dir='ltr'>tenaci,</span> <span class='ocrx_word' id='word_1_79' title='bbox 593 1614 634 1668; x_wconf 87' lang='lat' dir='ltr'>Ne</span> <span class='ocrx_word' id='word_1_80' title='bbox 652 1613 765 1666; x_wconf 79' lang='lat' dir='ltr'><strong>subeant</strong></span> <span class='ocrx_word' id='word_1_81' title='bbox 777 1613 840 1665; x_wconf 87' lang='lat' dir='ltr'>ber·</span> <span class='ocrx_word' id='word_1_82' title='bbox 884 1610 975 1664; x_wconf 87' lang='lat' dir='ltr'>Varro</span> <span class='ocrx_word' id='word_1_83' title='bbox 987 1629 995 1660; x_wconf 73' lang='grc' dir='ltr'>ι</span> <span class='ocrx_word' id='word_1_84' title='bbox 1007 1611 1119 1676; x_wconf 80' lang='lat' dir='ltr'>«Falce,</span> <span class='ocrx_word' id='word_1_85' title='bbox 1134 1611 1240 1683; x_wconf 78' lang='lat' dir='ltr'>inquit,</span> <span class='ocrx_word' id='word_1_86' title='bbox 1251 1610 1388 1665; x_wconf 66' lang='lat' dir='ltr'>noandum</span> 
     </span>
     <span class='ocr_line' id='line_1_12' title="bbox 325 1688 1388 1766; baseline -0.005 -19"><span class='ocrx_word' id='word_1_87' title='bbox 325 1693 442 1760; x_wconf 85' lang='lat' dir='ltr'>baa‚neu</span> <span class='ocrx_word' id='word_1_88' title='bbox 455 1695 565 1766; x_wconf 75' lang='lat' dir='ltr'>pulvere</span> <span class='ocrx_word' id='word_1_89' title='bbox 577 1690 840 1748; x_wconf 62' lang='lat' dir='ltr'>vicariatione-11.</span> <span class='ocrx_word' id='word_1_90' title='bbox 883 1701 982 1743; x_wconf 83' lang='lat' dir='ltr'>terram</span> <span class='ocrx_word' id='word_1_91' title='bbox 1001 1688 1142 1744; x_wconf 82' lang='lat' dir='ltr'>succidunt</span> <span class='ocrx_word' id='word_1_92' title='bbox 1161 1703 1348 1756; x_wconf 71' lang='lat' dir='ltr'>amentum,</span> <span class='ocrx_word' id='word_1_93' title='bbox 1363 1703 1388 1742; x_wconf 86' lang='lat' dir='ltr'>et</span> 
     </span>
     <span class='ocr_line' id='line_1_13' title="bbox 326 1769 1387 1842; baseline -0.004 -16"><span class='ocrx_word' id='word_1_94' title='bbox 326 1795 367 1810; x_wconf 86' lang='grc'>·-·</span> <span class='ocrx_word' id='word_1_95' title='bbox 391 1771 473 1828; x_wconf 80' lang='lat' dir='ltr'>Creen.</span> <span class='ocrx_word' id='word_1_96' title='bbox 506 1773 575 1838; x_wconf 72' lang='lat' dir='ltr'>Qun</span> <span class='ocrx_word' id='word_1_97' title='bbox 608 1771 782 1826; x_wconf 78' lang='lat' dir='ltr'>lormioarnm</span> <span class='ocrx_word' id='word_1_98' title='bbox 815 1784 842 1824; x_wconf 88' lang='lat' dir='ltr'>et</span> <span class='ocrx_word' id='word_1_99' title='bbox 884 1769 1053 1840; x_wconf 83' lang='lat' dir='ltr'>manipulum</span> <span class='ocrx_word' id='word_1_100' title='bbox 1062 1771 1387 1842; x_wconf 79' lang='lat' dir='ltr'>quemqne‚ntaobseeae·</span> 
     </span>
     <span class='ocr_line' id='line_1_14' title="bbox 326 1849 1387 1922; baseline -0.002 -18"><span class='ocrx_word' id='word_1_101' title='bbox 326 1851 471 1906; x_wconf 80' lang='lat' dir='ltr'>herbarum</span> <span class='ocrx_word' id='word_1_102' title='bbox 493 1853 601 1906; x_wconf 82' lang='lat' dir='ltr'>inimica</span> <span class='ocrx_word' id='word_1_103' title='bbox 624 1865 685 1916; x_wconf 84' lang='lat' dir='ltr'>est,</span> <span class='ocrx_word' id='word_1_104' title='bbox 710 1851 841 1922; x_wconf 85' lang='lat' dir='ltr'>talparum</span> <span class='ocrx_word' id='word_1_105' title='bbox 883 1861 965 1913; x_wconf 84' lang='lat' dir='ltr'>runt,</span> <span class='ocrx_word' id='word_1_106' title='bbox 982 1849 1387 1920; x_wconf 76' lang='lat' dir='ltr'>ponuntinterra.Ubienaie·</span> 
     </span>
     <span class='ocr_line' id='line_1_15' title="bbox 327 1928 1386 2000; baseline -0.003 -15"><span class='ocrx_word' id='word_1_107' title='bbox 327 1931 469 1986; x_wconf 82' lang='lat' dir='ltr'>venenum.</span> <span class='ocrx_word' id='word_1_108' title='bbox 485 1932 583 1986; x_wconf 85' lang='lat' dir='ltr'>Varro.</span> <span class='ocrx_word' id='word_1_109' title='bbox 600 1933 669 1986; x_wconf 78' lang='lat' dir='ltr'>Das.</span> <span class='ocrx_word' id='word_1_110' title='bbox 884 1941 979 1982; x_wconf 79' lang='lat' dir='ltr'>retunt</span> <span class='ocrx_word' id='word_1_111' title='bbox 991 1928 1386 2000; x_wconf 56' lang='lat' dir='ltr'>mutemiterumeoepem-</span> 
     </span>
     <span class='ocr_line' id='line_1_16' title="bbox 372 2005 1386 2083; baseline -0.002 -21"><span class='ocrx_word' id='word_1_112' title='bbox 372 2009 400 2064; x_wconf 80' lang='lat'>3.</span> <span class='ocrx_word' id='word_1_113' title='bbox 414 2013 524 2065; x_wconf 75' lang='lat' dir='ltr'>Amarea</span> <span class='ocrx_word' id='word_1_114' title='bbox 549 2009 737 2083; x_wconf 78' lang='lat' dir='ltr'>temperate.1n</span> <span class='ocrx_word' id='word_1_115' title='bbox 761 2009 840 2064; x_wconf 81' lang='lat' dir='ltr'><strong>MSS.</strong></span> <span class='ocrx_word' id='word_1_116' title='bbox 884 2019 964 2074; x_wconf 78' lang='lat' dir='ltr'>sent,</span> <span class='ocrx_word' id='word_1_117' title='bbox 980 2026 1011 2062; x_wconf 86' lang='lat' dir='ltr'>ao</span> <span class='ocrx_word' id='word_1_118' title='bbox 1031 2005 1066 2060; x_wconf 90' lang='lat' dir='ltr'>de</span> <span class='ocrx_word' id='word_1_119' title='bbox 1085 2009 1196 2079; x_wconf 76' lang='lat' dir='ltr'>singulis</span> <span class='ocrx_word' id='word_1_120' title='bbox 1215 2022 1304 2063; x_wconf 62' lang='lat' dir='ltr'>sedant</span> <span class='ocrx_word' id='word_1_121' title='bbox 1323 2009 1386 2061; x_wconf 82' lang='lat' dir='ltr'>inter</span> 
     </span>
     <span class='ocr_line' id='line_1_17' title="bbox 327 2087 1386 2161; baseline -0.002 -19"><span class='ocrx_word' id='word_1_122' title='bbox 327 2090 410 2160; x_wconf 73' lang='lat' dir='ltr'>Regp.</span> <span class='ocrx_word' id='word_1_123' title='bbox 435 2103 463 2145; x_wconf 90' lang='lat' dir='ltr'>et</span> <span class='ocrx_word' id='word_1_124' title='bbox 489 2089 554 2144; x_wconf 86' lang='lat' dir='ltr'>edit.</span> <span class='ocrx_word' id='word_1_125' title='bbox 577 2091 719 2161; x_wconf 78' lang='lat' dir='ltr'>principe,</span> <span class='ocrx_word' id='word_1_126' title='bbox 744 2108 842 2142; x_wconf 76' lang='lat' dir='ltr'>amum</span> <span class='ocrx_word' id='word_1_127' title='bbox 884 2087 970 2156; x_wconf 88' lang='lat' dir='ltr'>apieaa</span> <span class='ocrx_word' id='word_1_128' title='bbox 982 2100 1011 2141; x_wconf 88' lang='lat' dir='ltr'>et</span> <span class='ocrx_word' id='word_1_129' title='bbox 1022 2099 1205 2140; x_wconf 70' lang='lat' dir='ltr'>strumentum.</span> <span class='ocrx_word' id='word_1_130' title='bbox 1227 2087 1315 2160; x_wconf 76' lang='lat' dir='ltr'>Spieas</span> <span class='ocrx_word' id='word_1_131' title='bbox 1328 2105 1386 2140; x_wconf 89' lang='lat' dir='ltr'>oon·</span> 
     </span>
     <span class='ocr_line' id='line_1_18' title="bbox 328 2166 1384 2239; baseline -0.001 -20"><span class='ocrx_word' id='word_1_132' title='bbox 328 2181 490 2239; x_wconf 70' lang='lat' dir='ltr'>temperatam.</span> <span class='ocrx_word' id='word_1_133' title='bbox 513 2171 549 2224; x_wconf 90' lang='lat' dir='ltr'>Et</span> <span class='ocrx_word' id='word_1_134' title='bbox 571 2171 610 2224; x_wconf 90' lang='lat' dir='ltr'>aic</span> <span class='ocrx_word' id='word_1_135' title='bbox 635 2167 721 2222; x_wconf 79' lang='lat' dir='ltr'>edidit</span> <span class='ocrx_word' id='word_1_136' title='bbox 746 2169 842 2224; x_wconf 87' lang='lat' dir='ltr'>Brote-</span> <span class='ocrx_word' id='word_1_137' title='bbox 882 2166 980 2237; x_wconf 82' lang='lat' dir='ltr'>jiciunt</span> <span class='ocrx_word' id='word_1_138' title='bbox 993 2167 1022 2219; x_wconf 87' lang='lat' dir='ltr'>in</span> <span class='ocrx_word' id='word_1_139' title='bbox 1036 2168 1145 2220; x_wconf 81' lang='lat' dir='ltr'>corbem</span> <span class='ocrx_word' id='word_1_140' title='bbox 1160 2180 1241 2238; x_wconf 85' lang='lat' dir='ltr'>atque</span> <span class='ocrx_word' id='word_1_141' title='bbox 1259 2168 1286 2220; x_wconf 92' lang='lat' dir='ltr'>in</span> <span class='ocrx_word' id='word_1_142' title='bbox 1305 2185 1384 2221; x_wconf 84' lang='lat' dir='ltr'>areana</span> 
     </span>
     <span class='ocr_line' id='line_1_19' title="bbox 327 2245 1384 2318; baseline -0.003 -17"><span class='ocrx_word' id='word_1_143' title='bbox 327 2249 392 2302; x_wconf 83' lang='lat' dir='ltr'>rius.</span> <span class='ocrx_word' id='word_1_144' title='bbox 406 2249 459 2304; x_wconf 88' lang='lat' dir='ltr'>En.</span> <span class='ocrx_word' id='word_1_145' title='bbox 884 2245 1002 2300; x_wconf 88' lang='lat' dir='ltr'>mittunt.</span> <span class='ocrx_word' id='word_1_146' title='bbox 1010 2247 1162 2300; x_wconf 83' lang='lat' dir='ltr'>Stramenta</span> <span class='ocrx_word' id='word_1_147' title='bbox 1170 2247 1384 2318; x_wconf 82' lang='lat' dir='ltr'>relinqnnntorin</span> 
     </span>
     <span class='ocr_line' id='line_1_20' title="bbox 366 2324 1383 2394; baseline 0 -15"><span class='ocrx_word' id='word_1_148' title='bbox 366 2327 480 2384; x_wconf 80' lang='lat' dir='ltr'>LXXII.</span> <span class='ocrx_word' id='word_1_149' title='bbox 491 2344 517 2380; x_wconf 85' lang='grc' dir='ltr'>ι.</span> <span class='ocrx_word' id='word_1_150' title='bbox 527 2325 676 2384; x_wconf 80' lang='lat' dir='ltr'>Galliarum.</span> <span class='ocrx_word' id='word_1_151' title='bbox 683 2351 695 2373; x_wconf 78' lang='grc' dir='ltr'>ι</span> <span class='ocrx_word' id='word_1_152' title='bbox 703 2327 736 2379; x_wconf 88' lang='lat' dir='ltr'>In</span> <span class='ocrx_word' id='word_1_153' title='bbox 743 2326 842 2381; x_wconf 88' lang='lat' dir='ltr'>Gallia·</span> <span class='ocrx_word' id='word_1_154' title='bbox 884 2335 984 2394; x_wconf 69' lang='lat' dir='ltr'>tegete,</span> <span class='ocrx_word' id='word_1_155' title='bbox 994 2324 1204 2380; x_wconf 84' lang='lat' dir='ltr'>undetollsntnr</span> <span class='ocrx_word' id='word_1_156' title='bbox 1211 2327 1383 2379; x_wconf 66' lang='lat' dir='ltr'>inscensum.-</span> 
     </span>
     <span class='ocr_line' id='line_1_21' title="bbox 326 2403 1383 2475; baseline 0.002 -17"><span class='ocrx_word' id='word_1_157' title='bbox 326 2423 389 2458; x_wconf 84' lang='lat' dir='ltr'>rum</span> <span class='ocrx_word' id='word_1_158' title='bbox 403 2404 494 2459; x_wconf 79' lang='lat' dir='ltr'>lundis</span> <span class='ocrx_word' id='word_1_159' title='bbox 512 2406 666 2473; x_wconf 86' lang='lat' dir='ltr'>latioribus,</span> <span class='ocrx_word' id='word_1_160' title='bbox 686 2405 718 2459; x_wconf 87' lang='lat' dir='ltr'>fit</span> <span class='ocrx_word' id='word_1_161' title='bbox 731 2407 843 2462; x_wconf 82' lang='lat' dir='ltr'>aebieu·</span> <span class='ocrx_word' id='word_1_162' title='bbox 884 2405 988 2457; x_wconf 66' lang='lat' dir='ltr'>Dauo</span> <span class='ocrx_word' id='word_1_163' title='bbox 1006 2435 1048 2448; x_wconf 94' lang='lat'>-</span> <span class='ocrx_word' id='word_1_164' title='bbox 1064 2404 1177 2475; x_wconf 62' lang='lat' dir='ltr'>Sepeia.</span> <span class='ocrx_word' id='word_1_165' title='bbox 1201 2405 1288 2459; x_wconf 74' lang='lat' dir='ltr'>Vana&gt;</span> <span class='ocrx_word' id='word_1_166' title='bbox 1307 2403 1383 2457; x_wconf 75' lang='lat' dir='ltr'>delle</span> 
     </span>
     <span class='ocr_line' id='line_1_22' title="bbox 326 2482 1383 2556; baseline 0 -20"><span class='ocrx_word' id='word_1_167' title='bbox 326 2483 399 2551; x_wconf 79' lang='lat' dir='ltr'>lum,</span> <span class='ocrx_word' id='word_1_168' title='bbox 411 2503 457 2540; x_wconf 83' lang='lat' dir='ltr'>sen</span> <span class='ocrx_word' id='word_1_169' title='bbox 473 2498 642 2556; x_wconf 72' lang='lat' dir='ltr'>carpentum,</span> <span class='ocrx_word' id='word_1_170' title='bbox 659 2487 687 2538; x_wconf 87' lang='lat' dir='ltr'>in</span> <span class='ocrx_word' id='word_1_171' title='bbox 701 2487 782 2539; x_wconf 84' lang='lat' dir='ltr'>vanni</span> <span class='ocrx_word' id='word_1_172' title='bbox 795 2505 842 2541; x_wconf 84' lang='lat' dir='ltr'>sen</span> <span class='ocrx_word' id='word_1_173' title='bbox 884 2483 959 2537; x_wconf 72' lang='lat' dir='ltr'>liunt.</span> <span class='ocrx_word' id='word_1_174' title='bbox 982 2482 1030 2536; x_wconf 86' lang='lat' dir='ltr'>lib.</span> <span class='ocrx_word' id='word_1_175' title='bbox 1054 2484 1085 2548; x_wconf 91' lang='lat'>1,</span> <span class='ocrx_word' id='word_1_176' title='bbox 1104 2501 1166 2555; x_wconf 82' lang='lat' dir='ltr'>rap.</span> <span class='ocrx_word' id='word_1_177' title='bbox 1189 2485 1242 2551; x_wconf 74' lang='grc'>56,</span> <span class='ocrx_word' id='word_1_178' title='bbox 1260 2486 1307 2538; x_wconf 87' lang='lat' dir='ltr'>snb</span> <span class='ocrx_word' id='word_1_179' title='bbox 1325 2484 1383 2537; x_wconf 80' lang='lat' dir='ltr'>orbe</span> 
     </span>
     <span class='ocr_line' id='line_1_23' title="bbox 325 2561 1313 2636; baseline 0.002 -22"><span class='ocrx_word' id='word_1_180' title='bbox 325 2563 388 2616; x_wconf 86' lang='lat' dir='ltr'>valli</span> <span class='ocrx_word' id='word_1_181' title='bbox 401 2562 551 2634; x_wconf 69' lang='lat' dir='ltr'>grandioris</span> <span class='ocrx_word' id='word_1_182' title='bbox 573 2563 699 2629; x_wconf 81' lang='lat' dir='ltr'>moduni,</span> <span class='ocrx_word' id='word_1_183' title='bbox 721 2567 798 2636; x_wconf 82' lang='lat' dir='ltr'>cnjus</span> <span class='ocrx_word' id='word_1_184' title='bbox 812 2567 841 2619; x_wconf 89' lang='lat' dir='ltr'>in</span> <span class='ocrx_word' id='word_1_185' title='bbox 884 2563 970 2617; x_wconf 76' lang='lat' dir='ltr'>Roma</span> <span class='ocrx_word' id='word_1_186' title='bbox 982 2561 1010 2615; x_wconf 93' lang='lat' dir='ltr'>id</span> <span class='ocrx_word' id='word_1_187' title='bbox 1024 2563 1085 2616; x_wconf 85' lang='lat' dir='ltr'>lieri</span> <span class='ocrx_word' id='word_1_188' title='bbox 1096 2564 1205 2616; x_wconf 82' lang='lat' dir='ltr'>solitum</span> <span class='ocrx_word' id='word_1_189' title='bbox 1220 2566 1265 2618; x_wconf 81' lang='lat' dir='ltr'>ait.</span> <span class='ocrx_word' id='word_1_190' title='bbox 1280 2563 1313 2616; x_wconf 85' lang='grc' dir='ltr'>Η.</span> 
     </span>
     <span class='ocr_line' id='line_1_24' title="bbox 326 2640 1379 2716; baseline 0.002 -22"><span class='ocrx_word' id='word_1_191' title='bbox 326 2640 414 2696; x_wconf 77' lang='lat' dir='ltr'>leonte</span> <span class='ocrx_word' id='word_1_192' title='bbox 422 2661 469 2697; x_wconf 89' lang='lat' dir='ltr'>seu</span> <span class='ocrx_word' id='word_1_193' title='bbox 483 2645 601 2716; x_wconf 75' lang='lat' dir='ltr'>margine</span> <span class='ocrx_word' id='word_1_194' title='bbox 614 2642 742 2698; x_wconf 83' lang='lat' dir='ltr'>denticuli</span> <span class='ocrx_word' id='word_1_195' title='bbox 756 2646 842 2715; x_wconf 88' lang='lat' dir='ltr'>pluri·</span> <span class='ocrx_word' id='word_1_196' title='bbox 924 2647 951 2705; x_wconf 78' lang='grc'>4.</span> <span class='ocrx_word' id='word_1_197' title='bbox 973 2643 1043 2695; x_wconf 70' lang='lat' dir='ltr'>Iam</span> <span class='ocrx_word' id='word_1_198' title='bbox 1060 2644 1122 2695; x_wconf 72' lang='lat' dir='ltr'>dan</span> <span class='ocrx_word' id='word_1_199' title='bbox 1146 2645 1265 2713; x_wconf 63' lang='lat' dir='ltr'>negites.</span> <span class='ocrx_word' id='word_1_200' title='bbox 1288 2644 1379 2712; x_wconf 62' lang='lat' dir='ltr'>uago</span> 
     </span>
     <span class='ocr_line' id='line_1_25' title="bbox 326 2721 1381 2792; baseline 0 -20"><span class='ocrx_word' id='word_1_201' title='bbox 326 2721 364 2773; x_wconf 82' lang='lat' dir='ltr'>nii</span> <span class='ocrx_word' id='word_1_202' title='bbox 386 2741 417 2776; x_wconf 88' lang='lat' dir='ltr'>ao</span> <span class='ocrx_word' id='word_1_203' title='bbox 437 2723 492 2777; x_wconf 85' lang='lat' dir='ltr'>rari</span> <span class='ocrx_word' id='word_1_204' title='bbox 515 2723 569 2777; x_wconf 86' lang='lat' dir='ltr'>aint</span> <span class='ocrx_word' id='word_1_205' title='bbox 580 2721 628 2776; x_wconf 89' lang='lat' dir='ltr'>:id</span> <span class='ocrx_word' id='word_1_206' title='bbox 647 2723 751 2777; x_wconf 85' lang='lat' dir='ltr'>duabus</span> <span class='ocrx_word' id='word_1_207' title='bbox 774 2725 840 2778; x_wconf 85' lang='lat' dir='ltr'>rotis</span> <span class='ocrx_word' id='word_1_208' title='bbox 882 2721 999 2792; x_wconf 79' lang='lat' dir='ltr'>appellat</span> <span class='ocrx_word' id='word_1_209' title='bbox 1011 2721 1172 2785; x_wconf 82' lang='lat' dir='ltr'>Columella,</span> <span class='ocrx_word' id='word_1_210' title='bbox 1187 2723 1235 2775; x_wconf 75' lang='lat' dir='ltr'>lib</span> <span class='ocrx_word' id='word_1_211' title='bbox 1251 2724 1291 2788; x_wconf 85' lang='lat'>11,</span> <span class='ocrx_word' id='word_1_212' title='bbox 1302 2741 1324 2775; x_wconf 81' lang='lat' dir='ltr'>e</span> <span class='ocrx_word' id='word_1_213' title='bbox 1336 2737 1381 2785; x_wconf 86' lang='grc' dir='ltr'>ιι,</span> 
     </span>
     <span class='ocr_line' id='line_1_26' title="bbox 324 2799 1382 2874; baseline 0.002 -23"><span class='ocrx_word' id='word_1_214' title='bbox 324 2799 452 2856; x_wconf 85' lang='lat' dir='ltr'>brevibus</span> <span class='ocrx_word' id='word_1_215' title='bbox 468 2801 569 2866; x_wconf 77' lang='lat' dir='ltr'>fertur,</span> <span class='ocrx_word' id='word_1_216' title='bbox 586 2803 839 2874; x_wconf 63' lang='lat' dir='ltr'>impellentem,</span> <span class='ocrx_word' id='word_1_217' title='bbox 881 2801 1382 2871; x_wconf 65' lang='lat' dir='ltr'>urbtemmennmetenutsnspnss</span> 
     </span>
     <span class='ocr_line' id='line_1_27' title="bbox 325 2877 1381 2954; baseline 0.001 -22"><span class='ocrx_word' id='word_1_218' title='bbox 325 2879 373 2949; x_wconf 78' lang='lat' dir='ltr'>qni</span> <span class='ocrx_word' id='word_1_219' title='bbox 394 2881 481 2952; x_wconf 81' lang='lat' dir='ltr'>capite</span> <span class='ocrx_word' id='word_1_220' title='bbox 499 2881 528 2934; x_wconf 90' lang='lat' dir='ltr'>in</span> <span class='ocrx_word' id='word_1_221' title='bbox 550 2881 703 2936; x_wconf 84' lang='lat' dir='ltr'>vehiculum</span> <span class='ocrx_word' id='word_1_222' title='bbox 724 2901 803 2934; x_wconf 80' lang='lat' dir='ltr'>verso</span> <span class='ocrx_word' id='word_1_223' title='bbox 823 2901 839 2936; x_wconf 90' lang='lat' dir='ltr'>a</span> <span class='ocrx_word' id='word_1_224' title='bbox 881 2877 987 2934; x_wconf 81' lang='lat' dir='ltr'>idonea.</span> <span class='ocrx_word' id='word_1_225' title='bbox 1007 2880 1096 2934; x_wconf 77' lang='lat' dir='ltr'>-Snnt</span> <span class='ocrx_word' id='word_1_226' title='bbox 1108 2893 1213 2940; x_wconf 66' lang='lat' dir='ltr'>antam,</span> <span class='ocrx_word' id='word_1_227' title='bbox 1225 2881 1381 2954; x_wconf 56' lang='lat' dir='ltr'>inquinaue-</span> 
     </span>
     <span class='ocr_line' id='line_1_28' title="bbox 325 2957 1380 3033; baseline 0.002 -23"><span class='ocrx_word' id='word_1_228' title='bbox 325 2970 400 3030; x_wconf 74' lang='lat' dir='ltr'>tergo</span> <span class='ocrx_word' id='word_1_229' title='bbox 414 2960 499 3032; x_wconf 83' lang='lat' dir='ltr'>ipsine</span> <span class='ocrx_word' id='word_1_230' title='bbox 511 2963 574 3033; x_wconf 72' lang='lat' dir='ltr'>jugo</span> <span class='ocrx_word' id='word_1_231' title='bbox 589 2973 731 3033; x_wconf 80' lang='lat' dir='ltr'>aptetur-et</span> <span class='ocrx_word' id='word_1_232' title='bbox 744 2961 840 3015; x_wconf 75' lang='lat' dir='ltr'>rinen-</span> <span class='ocrx_word' id='word_1_233' title='bbox 883 2957 957 3012; x_wconf 84' lang='lat' dir='ltr'>tandi</span> <span class='ocrx_word' id='word_1_234' title='bbox 970 2977 1068 3031; x_wconf 71' lang='lat' dir='ltr'>genera</span> <span class='ocrx_word' id='word_1_235' title='bbox 1081 2961 1221 3032; x_wconf 81' lang='lat' dir='ltr'>complura</span> <span class='ocrx_word' id='word_1_236' title='bbox 1233 2984 1242 3027; x_wconf 68' lang='grc' dir='ltr'><strong>ς</strong></span> <span class='ocrx_word' id='word_1_237' title='bbox 1256 2959 1329 3015; x_wconf 78' lang='lat' dir='ltr'>inniti</span> <span class='ocrx_word' id='word_1_238' title='bbox 1339 2960 1380 3012; x_wconf 72' lang='lat' dir='ltr'>td</span> 
     </span>
     <span class='ocr_line' id='line_1_29' title="bbox 323 3035 1380 3112; baseline 0.001 -22"><span class='ocrx_word' id='word_1_239' title='bbox 323 3035 373 3104; x_wconf 87' lang='lat' dir='ltr'>lit,</span> <span class='ocrx_word' id='word_1_240' title='bbox 383 3040 430 3110; x_wconf 88' lang='lat' dir='ltr'>qui</span> <span class='ocrx_word' id='word_1_241' title='bbox 443 3039 478 3094; x_wconf 89' lang='lat' dir='ltr'>sit</span> <span class='ocrx_word' id='word_1_242' title='bbox 489 3055 653 3104; x_wconf 79' lang='lat' dir='ltr'>mansuetae,</span> <span class='ocrx_word' id='word_1_243' title='bbox 665 3059 715 3093; x_wconf 90' lang='lat' dir='ltr'>neo</span> <span class='ocrx_word' id='word_1_244' title='bbox 726 3039 839 3094; x_wconf 83' lang='lat' dir='ltr'>modum</span> <span class='ocrx_word' id='word_1_245' title='bbox 882 3038 958 3092; x_wconf 86' lang='lat' dir='ltr'>eibos</span> <span class='ocrx_word' id='word_1_246' title='bbox 970 3040 1150 3099; x_wconf 64' lang='lat' dir='ltr'>veruculatis,</span> <span class='ocrx_word' id='word_1_247' title='bbox 1168 3053 1249 3112; x_wconf 84' lang='lat' dir='ltr'>atque</span> <span class='ocrx_word' id='word_1_248' title='bbox 1259 3042 1290 3095; x_wconf 89' lang='lat' dir='ltr'>iia</span> <span class='ocrx_word' id='word_1_249' title='bbox 1298 3039 1380 3092; x_wconf 80' lang='lat' dir='ltr'>velro-</span> 
     </span>
     <span class='ocr_line' id='line_1_30' title="bbox 324 3118 1379 3189; baseline 0.002 -20"><span class='ocrx_word' id='word_1_250' title='bbox 324 3119 501 3189; x_wconf 86' lang='lat' dir='ltr'>oompnlsoris</span> <span class='ocrx_word' id='word_1_251' title='bbox 513 3119 630 3174; x_wconf 85' lang='lat' dir='ltr'>exoednt.</span> <span class='ocrx_word' id='word_1_252' title='bbox 645 3119 696 3174; x_wconf 79' lang='lat' dir='ltr'>liin</span> <span class='ocrx_word' id='word_1_253' title='bbox 706 3120 754 3173; x_wconf 89' lang='lat' dir='ltr'>ubi</span> <span class='ocrx_word' id='word_1_254' title='bbox 765 3119 840 3172; x_wconf 82' lang='lat' dir='ltr'>vehi·</span> <span class='ocrx_word' id='word_1_255' title='bbox 881 3118 989 3185; x_wconf 86' lang='lat' dir='ltr'>stratis,</span> <span class='ocrx_word' id='word_1_256' title='bbox 1006 3119 1049 3173; x_wconf 84' lang='lat' dir='ltr'>vel</span> <span class='ocrx_word' id='word_1_257' title='bbox 1069 3118 1258 3186; x_wconf 71' lang='lat' dir='ltr'>denticulatis,</span> <span class='ocrx_word' id='word_1_258' title='bbox 1274 3118 1379 3172; x_wconf 79' lang='lat' dir='ltr'>medion</span> 
     </span>
     <span class='ocr_line' id='line_1_31' title="bbox 323 3195 1379 3270; baseline 0.003 -22"><span class='ocrx_word' id='word_1_259' title='bbox 323 3195 415 3249; x_wconf 85' lang='lat' dir='ltr'>eninm</span> <span class='ocrx_word' id='word_1_260' title='bbox 427 3215 478 3268; x_wconf 78' lang='lat' dir='ltr'>per</span> <span class='ocrx_word' id='word_1_261' title='bbox 490 3215 587 3251; x_wconf 87' lang='lat' dir='ltr'>messes</span> <span class='ocrx_word' id='word_1_262' title='bbox 598 3199 679 3269; x_wconf 81' lang='lat' dir='ltr'>eoepit</span> <span class='ocrx_word' id='word_1_263' title='bbox 688 3200 837 3270; x_wconf 80' lang='lat' dir='ltr'>impellere,</span> <span class='ocrx_word' id='word_1_264' title='bbox 881 3199 1000 3251; x_wconf 78' lang='lat' dir='ltr'>culinum</span> <span class='ocrx_word' id='word_1_265' title='bbox 1011 3199 1209 3252; x_wconf 82' lang='lat' dir='ltr'>aeoant:1nolti</span> <span class='ocrx_word' id='word_1_266' title='bbox 1221 3201 1312 3270; x_wconf 69' lang='lat' dir='ltr'>inerp&#39;s</span> <span class='ocrx_word' id='word_1_267' title='bbox 1324 3199 1379 3252; x_wconf 86' lang='lat' dir='ltr'>:alii</span> 
     </span>
     <span class='ocr_line' id='line_1_32' title="bbox 323 3275 1378 3350; baseline 0.006 -23"><span class='ocrx_word' id='word_1_268' title='bbox 323 3275 689 3349; x_wconf 82' lang='lat' dir='ltr'>omnisapioainrsrpentnm</span> <span class='ocrx_word' id='word_1_269' title='bbox 697 3276 839 3332; x_wconf 86' lang='lat' dir='ltr'>denticulis</span> <span class='ocrx_word' id='word_1_270' title='bbox 880 3277 1031 3347; x_wconf 79' lang='lat' dir='ltr'>pectinibus</span> <span class='ocrx_word' id='word_1_271' title='bbox 1052 3277 1153 3350; x_wconf 83' lang='lat' dir='ltr'>spioaan</span> <span class='ocrx_word' id='word_1_272' title='bbox 1174 3279 1261 3350; x_wconf 78' lang='lat' dir='ltr'>ipanus</span> <span class='ocrx_word' id='word_1_273' title='bbox 1280 3281 1378 3348; x_wconf 70' lang='lat' dir='ltr'>legunt,</span> 
     </span>
     <span class='ocr_line' id='line_1_33' title="bbox 323 3355 1378 3430; baseline 0.004 -24"><span class='ocrx_word' id='word_1_274' title='bbox 323 3356 516 3426; x_wconf 86' lang='lat' dir='ltr'>comprehensa</span> <span class='ocrx_word' id='word_1_275' title='bbox 535 3355 651 3423; x_wconf 85' lang='lat' dir='ltr'>decidit,</span> <span class='ocrx_word' id='word_1_276' title='bbox 663 3359 783 3430; x_wconf 74' lang='lat' dir='ltr'>abruptis</span> <span class='ocrx_word' id='word_1_277' title='bbox 794 3377 838 3412; x_wconf 84' lang='lat' dir='ltr'>re·</span> <span class='ocrx_word' id='word_1_278' title='bbox 881 3367 932 3410; x_wconf 89' lang='lat' dir='ltr'>etc.</span> <span class='ocrx_word' id='word_1_279' title='bbox 944 3381 956 3404; x_wconf 80' lang='grc' dir='ltr'>ι</span> <span class='ocrx_word' id='word_1_280' title='bbox 975 3355 1083 3410; x_wconf 74' lang='lat' dir='ltr'>Festus:</span> <span class='ocrx_word' id='word_1_281' title='bbox 1097 3379 1110 3400; x_wconf 82' lang='lat'>.</span> <span class='ocrx_word' id='word_1_282' title='bbox 1120 3357 1237 3429; x_wconf 70' lang='lat' dir='ltr'>bletpse,</span> <span class='ocrx_word' id='word_1_283' title='bbox 1254 3359 1378 3418; x_wconf 77' lang='lat' dir='ltr'>Forento.</span> 
     </span>
     <span class='ocr_line' id='line_1_34' title="bbox 322 3432 1378 3508; baseline 0.006 -23"><span class='ocrx_word' id='word_1_284' title='bbox 322 3432 445 3506; x_wconf 81' lang='lat' dir='ltr'>liotisque</span> <span class='ocrx_word' id='word_1_285' title='bbox 465 3433 605 3506; x_wconf 77' lang='lat' dir='ltr'>paleistet</span> <span class='ocrx_word' id='word_1_286' title='bbox 624 3435 659 3488; x_wconf 88' lang='lat' dir='ltr'>ita</span> <span class='ocrx_word' id='word_1_287' title='bbox 673 3453 723 3508; x_wconf 87' lang='lat' dir='ltr'>per</span> <span class='ocrx_word' id='word_1_288' title='bbox 737 3455 838 3508; x_wconf 80' lang='lat' dir='ltr'>pannea</span> <span class='ocrx_word' id='word_1_289' title='bbox 879 3436 1073 3506; x_wconf 79' lang='lat' dir='ltr'>qnibnsaoervi</span> <span class='ocrx_word' id='word_1_290' title='bbox 1087 3437 1198 3507; x_wconf 72' lang='lat' dir='ltr'>fragm</span> <span class='ocrx_word' id='word_1_291' title='bbox 1219 3436 1378 3503; x_wconf 63' lang='lat' dir='ltr'>flonetius</span> 
     </span>
     <span class='ocr_line' id='line_1_35' title="bbox 323 3511 1375 3589; baseline 0.005 -25"><span class='ocrx_word' id='word_1_292' title='bbox 323 3511 377 3568; x_wconf 86' lang='lat' dir='ltr'>itus</span> <span class='ocrx_word' id='word_1_293' title='bbox 390 3529 421 3568; x_wconf 89' lang='lat' dir='ltr'>ae</span> <span class='ocrx_word' id='word_1_294' title='bbox 431 3513 531 3568; x_wconf 85' lang='lat' dir='ltr'>reditus</span> <span class='ocrx_word' id='word_1_295' title='bbox 544 3513 619 3569; x_wconf 81' lang='lat' dir='ltr'>brevi</span> <span class='ocrx_word' id='word_1_296' title='bbox 632 3515 758 3568; x_wconf 79' lang='lat' dir='ltr'>horarum</span> <span class='ocrx_word' id='word_1_297' title='bbox 778 3535 836 3588; x_wconf 84' lang='lat' dir='ltr'>spa-</span> <span class='ocrx_word' id='word_1_298' title='bbox 879 3533 895 3566; x_wconf 85' lang='lat' dir='ltr'>s</span> <span class='ocrx_word' id='word_1_299' title='bbox 908 3516 1062 3569; x_wconf 81' lang='lat' dir='ltr'>volueribus</span> <span class='ocrx_word' id='word_1_300' title='bbox 1074 3517 1183 3587; x_wconf 67' lang='lat' dir='ltr'>mergis,</span> <span class='ocrx_word' id='word_1_301' title='bbox 1198 3519 1261 3589; x_wconf 85' lang='lat' dir='ltr'>qnia</span> <span class='ocrx_word' id='word_1_302' title='bbox 1273 3530 1301 3571; x_wconf 90' lang='lat' dir='ltr'>at</span> <span class='ocrx_word' id='word_1_303' title='bbox 1311 3518 1375 3570; x_wconf 81' lang='lat' dir='ltr'>illisa</span> 
     </span>
     <span class='ocr_line' id='line_1_36' title="bbox 323 3591 1377 3669; baseline 0.006 -25"><span class='ocrx_word' id='word_1_304' title='bbox 323 3591 363 3644; x_wconf 88' lang='lat' dir='ltr'>tio</span> <span class='ocrx_word' id='word_1_305' title='bbox 376 3605 432 3647; x_wconf 89' lang='lat' dir='ltr'>totn</span> <span class='ocrx_word' id='word_1_306' title='bbox 446 3593 837 3664; x_wconf 69' lang='lat' dir='ltr'>meoisimptetur.‚1ntere</span> <span class='ocrx_word' id='word_1_307' title='bbox 879 3593 907 3646; x_wconf 91' lang='lat' dir='ltr'>in</span> <span class='ocrx_word' id='word_1_308' title='bbox 929 3611 1026 3666; x_wconf 81' lang='lat' dir='ltr'>aquam</span> <span class='ocrx_word' id='word_1_309' title='bbox 1049 3607 1198 3665; x_wconf 71' lang='lat' dir='ltr'>mergum,</span> <span class='ocrx_word' id='word_1_310' title='bbox 1222 3593 1287 3650; x_wconf 79' lang='lat' dir='ltr'>darn</span> <span class='ocrx_word' id='word_1_311' title='bbox 1305 3597 1377 3669; x_wconf 57' lang='lat' dir='ltr'>pin</span> 
     </span>
     <span class='ocr_line' id='line_1_37' title="bbox 322 3669 1374 3746; baseline 0.002 -22"><span class='ocrx_word' id='word_1_312' title='bbox 322 3669 424 3727; x_wconf 81' lang='lat' dir='ltr'>Pullad.</span> <span class='ocrx_word' id='word_1_313' title='bbox 436 3671 484 3726; x_wconf 88' lang='lat' dir='ltr'>lib.</span> <span class='ocrx_word' id='word_1_314' title='bbox 497 3673 552 3725; x_wconf 87' lang='lat' dir='ltr'>Vll</span> <span class='ocrx_word' id='word_1_315' title='bbox 562 3673 591 3725; x_wconf 92' lang='lat' dir='ltr'>in</span> <span class='ocrx_word' id='word_1_316' title='bbox 603 3674 667 3728; x_wconf 80' lang='lat' dir='ltr'>Jnn.</span> <span class='ocrx_word' id='word_1_317' title='bbox 685 3673 727 3727; x_wconf 90' lang='lat' dir='ltr'>tit.</span> <span class='ocrx_word' id='word_1_318' title='bbox 743 3693 770 3726; x_wconf 87' lang='lat' dir='ltr'>a.</span> <span class='ocrx_word' id='word_1_319' title='bbox 780 3675 815 3728; x_wconf 82' lang='grc' dir='ltr'>Η.</span> <span class='ocrx_word' id='word_1_320' title='bbox 879 3687 1095 3746; x_wconf 73' lang='lat' dir='ltr'>persequuntur3</span> <span class='ocrx_word' id='word_1_321' title='bbox 1110 3674 1149 3727; x_wconf 88' lang='lat' dir='ltr'>sio</span> <span class='ocrx_word' id='word_1_322' title='bbox 1166 3691 1295 3730; x_wconf 61' lang='lat' dir='ltr'>suasores</span> <span class='ocrx_word' id='word_1_323' title='bbox 1305 3675 1374 3730; x_wconf 84' lang='lat' dir='ltr'>essia</span> 
     </span>
     <span class='ocr_line' id='line_1_38' title="bbox 365 3750 1373 3827; baseline 0.006 -23"><span class='ocrx_word' id='word_1_324' title='bbox 365 3771 392 3804; x_wconf 86' lang='lat' dir='ltr'>s.</span> <span class='ocrx_word' id='word_1_325' title='bbox 409 3751 488 3804; x_wconf 70' lang='lat' dir='ltr'>Vsu.</span> <span class='ocrx_word' id='word_1_326' title='bbox 504 3753 600 3805; x_wconf 78' lang='lat' dir='ltr'>Vultus</span> <span class='ocrx_word' id='word_1_327' title='bbox 615 3751 668 3807; x_wconf 88' lang='lat' dir='ltr'>boe</span> <span class='ocrx_word' id='word_1_328' title='bbox 691 3753 751 3806; x_wconf 88' lang='lat' dir='ltr'>loeo</span> <span class='ocrx_word' id='word_1_329' title='bbox 764 3753 837 3807; x_wconf 77' lang='lat' dir='ltr'>vehi·</span> <span class='ocrx_word' id='word_1_330' title='bbox 879 3752 969 3824; x_wconf 71' lang='lat' dir='ltr'>snoges</span> <span class='ocrx_word' id='word_1_331' title='bbox 978 3750 1154 3824; x_wconf 67' lang='lat' dir='ltr'>demergunt,</span> <span class='ocrx_word' id='word_1_332' title='bbox 1167 3755 1309 3810; x_wconf 80' lang='lat' dir='ltr'>ntelevsre</span> <span class='ocrx_word' id='word_1_333' title='bbox 1324 3772 1373 3827; x_wconf 69' lang='lat' dir='ltr'>poe</span> 
     </span>
     <span class='ocr_line' id='line_1_39' title="bbox 321 3827 1373 3904; baseline 0.004 -22"><span class='ocrx_word' id='word_1_334' title='bbox 321 3827 411 3882; x_wconf 83' lang='lat' dir='ltr'>culum</span> <span class='ocrx_word' id='word_1_335' title='bbox 429 3831 508 3884; x_wconf 83' lang='lat' dir='ltr'>nobie</span> <span class='ocrx_word' id='word_1_336' title='bbox 531 3851 588 3885; x_wconf 84' lang='lat' dir='ltr'>esse</span> <span class='ocrx_word' id='word_1_337' title='bbox 612 3831 737 3896; x_wconf 77' lang='lat' dir='ltr'>ridetur,</span> <span class='ocrx_word' id='word_1_338' title='bbox 754 3832 836 3886; x_wconf 82' lang='lat' dir='ltr'>vanni</span> <span class='ocrx_word' id='word_1_339' title='bbox 879 3831 1102 3904; x_wconf 71' lang='lat' dir='ltr'>sintmanipuloe</span> <span class='ocrx_word' id='word_1_340' title='bbox 1116 3858 1128 3881; x_wconf 76' lang='grc' dir='ltr'>ι</span> <span class='ocrx_word' id='word_1_341' title='bbox 1151 3832 1263 3888; x_wconf 82' lang='lat' dir='ltr'>Plantoa</span> <span class='ocrx_word' id='word_1_342' title='bbox 1274 3836 1301 3889; x_wconf 88' lang='lat' dir='ltr'>in</span> <span class='ocrx_word' id='word_1_343' title='bbox 1315 3835 1373 3888; x_wconf 77' lang='lat' dir='ltr'>Pon</span> 
     </span>
     <span class='ocr_line' id='line_1_40' title="bbox 320 3905 1375 3985; baseline 0.007 -26"><span class='ocrx_word' id='word_1_344' title='bbox 320 3905 471 3976; x_wconf 70' lang='lat' dir='ltr'>grandioris</span> <span class='ocrx_word' id='word_1_345' title='bbox 483 3911 578 3974; x_wconf 81' lang='lat' dir='ltr'>instar,</span> <span class='ocrx_word' id='word_1_346' title='bbox 587 3913 837 3985; x_wconf 65' lang='lat' dir='ltr'>compotantiu-</span> <span class='ocrx_word' id='word_1_347' title='bbox 879 3921 930 3964; x_wconf 89' lang='lat' dir='ltr'>act.</span> <span class='ocrx_word' id='word_1_348' title='bbox 941 3912 977 3976; x_wconf 81' lang='lat' dir='ltr'>V,</span> <span class='ocrx_word' id='word_1_349' title='bbox 988 3931 1059 3965; x_wconf 88' lang='lat' dir='ltr'>soen.</span> <span class='ocrx_word' id='word_1_350' title='bbox 1075 3929 1113 3976; x_wconf 86' lang='grc' dir='ltr'>ιι,</span> <span class='ocrx_word' id='word_1_351' title='bbox 1129 3929 1198 3967; x_wconf 71' lang='lat' dir='ltr'>vm.</span> <span class='ocrx_word' id='word_1_352' title='bbox 1217 3914 1275 3970; x_wconf 75' lang='lat'>58:</span> <span class='ocrx_word' id='word_1_353' title='bbox 1291 3943 1302 3963; x_wconf 83' lang='lat'><strong>·</strong></span> <span class='ocrx_word' id='word_1_354' title='bbox 1315 3913 1375 3967; x_wconf 78' lang='lat' dir='ltr'>Palas</span> 
     </span>
     <span class='ocr_line' id='line_1_41' title="bbox 322 3986 1374 4067; baseline 0.008 -30"><span class='ocrx_word' id='word_1_355' title='bbox 322 3986 377 4038; x_wconf 85' lang='lat' dir='ltr'>lum</span> <span class='ocrx_word' id='word_1_356' title='bbox 391 4005 540 4058; x_wconf 70' lang='lat' dir='ltr'>provinno</span> <span class='ocrx_word' id='word_1_357' title='bbox 554 3991 642 4044; x_wconf 85' lang='lat' dir='ltr'>Vnrro</span> <span class='ocrx_word' id='word_1_358' title='bbox 654 3991 689 4044; x_wconf 87' lang='lat' dir='ltr'>de</span> <span class='ocrx_word' id='word_1_359' title='bbox 701 3993 740 4045; x_wconf 77' lang='lat' dir='ltr'>lie</span> <span class='ocrx_word' id='word_1_360' title='bbox 750 3993 835 4062; x_wconf 27' lang='lat' dir='ltr'>*nuso</span> <span class='ocrx_word' id='word_1_361' title='bbox 879 3989 1032 4044; x_wconf 77' lang='lat' dir='ltr'>vendendas</span> <span class='ocrx_word' id='word_1_362' title='bbox 1051 3992 1102 4044; x_wconf 79' lang='lat' dir='ltr'>ssssi</span> <span class='ocrx_word' id='word_1_363' title='bbox 1123 3993 1176 4052; x_wconf 85' lang='lat' dir='ltr'>ait,</span> <span class='ocrx_word' id='word_1_364' title='bbox 1190 4005 1219 4047; x_wconf 89' lang='lat' dir='ltr'>et</span> <span class='ocrx_word' id='word_1_365' title='bbox 1232 4011 1327 4067; x_wconf 60' lang='lat' dir='ltr'>mergo</span> <span class='ocrx_word' id='word_1_366' title='bbox 1339 3992 1374 4045; x_wconf 69' lang='lat' dir='ltr'>de</span> 
     </span>
     <span class='ocr_line' id='line_1_42' title="bbox 322 4065 1373 4146; baseline 0.01 -29"><span class='ocrx_word' id='word_1_367' title='bbox 322 4065 368 4120; x_wconf 90' lang='lat' dir='ltr'>lib.</span> <span class='ocrx_word' id='word_1_368' title='bbox 381 4068 410 4132; x_wconf 86' lang='lat'>1,</span> <span class='ocrx_word' id='word_1_369' title='bbox 422 4083 480 4138; x_wconf 87' lang='lat' dir='ltr'>eap.</span> <span class='ocrx_word' id='word_1_370' title='bbox 494 4068 545 4136; x_wconf 79' lang='lat'>5².</span> <span class='ocrx_word' id='word_1_371' title='bbox 560 4069 635 4125; x_wconf 86' lang='lat' dir='ltr'>dixit.</span> <span class='ocrx_word' id='word_1_372' title='bbox 651 4073 744 4125; x_wconf 75' lang='lat' dir='ltr'>litun.</span> <span class='ocrx_word' id='word_1_373' title='bbox 880 4083 928 4125; x_wconf 87' lang='lat' dir='ltr'>tas.</span> <span class='ocrx_word' id='word_1_374' title='bbox 936 4071 973 4125; x_wconf 91' lang='lat' dir='ltr'>Ut</span> <span class='ocrx_word' id='word_1_375' title='bbox 981 4069 1090 4124; x_wconf 84' lang='lat' dir='ltr'>hortum</span> <span class='ocrx_word' id='word_1_376' title='bbox 1097 4069 1198 4139; x_wconf 76' lang='lat' dir='ltr'>fodiat,</span> <span class='ocrx_word' id='word_1_377' title='bbox 1209 4085 1289 4146; x_wconf 85' lang='lat' dir='ltr'>atque</span> <span class='ocrx_word' id='word_1_378' title='bbox 1298 4074 1373 4129; x_wconf 78' lang='lat' dir='ltr'>ains·</span> 
     </span>
    </p>
   </div>
   <div class='ocr_carea' id='block_1_4' title="bbox 0 0 1468 5009">
    <p class='ocr_par' dir='ltr' id='par_1_5' title="bbox 0 0 1468 5009">
     <span class='ocr_line' id='line_1_43' title="bbox 0 0 1468 5009; baseline 0 3"><span class='ocrx_word' id='word_1_379' title='bbox 0 0 1468 5009; x_wconf 95' lang='lat' dir='ltr'> </span> 
     </span>
    </p>
   </div>
  </div>
 </body>
</html>
