2925 5009
344 517 416 590 292
604 492 646 561 c.
674 493 845 562 Ριιιιιι
873 493 983 565 uir.
1012 491 1144 562 nrsr.

342 642 475 714 rantur,
495 625 616 720 quibus
631 638 683 694 est
699 624 802 694 ειιιιι7
828 624 1004 717 insidiandi
1026 625 1240 719 negotiatoris
1257 625 1396 694 avaritia.

309 757 324 790 ²
344 731 467 804 Nubila
491 755 612 802 occasu
633 729 818 828 pluviosam
838 730 981 800 hiemem
1005 731 1204 817 denuntiat3
1233 732 1401 824 statimque

340 852 464 934 augent
478 837 685 910 lacernarum
697 838 820 932 pretia:
831 839 949 907 sereno
959 861 1128 932 asperam,
1141 822 1195 906 et⁸
1208 835 1399 930 reliquarum

341 946 482 1016 vestium
502 942 698 1015 accendunt.
714 942 781 1012 Sed
798 941 852 1013 ille
870 941 1042 1014 indocilis⁹
1064 940 1138 1012 caeli
1155 941 1312 1038 agrioola,
1335 942 1400 1011 hoo

341 1054 471 1146 signum
487 1049 608 1119 habeat
626 1050 713 1118 inter
731 1074 810 1119 suos
822 1073 962 1144 vepres,
980 1049 1189 1142 humumque
1207 1071 1298 1117 suam
1316 1050 1400 1140 aspi·

340 1159 448 1246 ciens,
463 1180 566 1252 quum
583 1153 662 1224 folia
679 1153 801 1224 viderit
814 1153 965 1224 decidua.
980 1155 1036 1223 Sic
1050 1153 1217 1224 indicatur
1234 1156 1310 1222 anni
1321 1168 1400 1222 tern-

340 1264 468 1359 periea,
484 1262 563 1332 alibi
578 1260 722 1346 tardius,
741 1259 819 1330 alibi
836 1263 1008 1330 maturius.
1027 1261 1081 1329 lta
1097 1263 1186 1330 enim
1203 1261 1354 1344 sentimr,
1364 1275 1401 1327 ut

341 1366 410 1438 celi
423 1367 553 1462 locique
571 1367 677 1436 allicit
690 1367 828 1455 natura,
847 1366 947 1461 idque
962 1367 996 1434 in
1010 1366 1075 1436 hac
1095 1367 1223 1434 ratione
1237 1362 1400 1460 praeoellit,

340 1473 429 1568 quod
448 1473 563 1544 eadem
585 1474 670 1542 etin
688 1472 816 1541 mundo
837 1472 970 1567 publica
987 1485 1054 1557 est,
1074 1485 1109 1540 et
1129 1473 1308 1566 unicuique
1330 1469 1400 1541 loco

305 1590 321 1644 3
341 1579 527 1676 peculiaria.
552 1581 694 1649 Miretur
711 1577 800 1665 hoo,
815 1579 872 1672 qui
887 1602 956 1648 non
974 1579 1163 1648 meminerit
1177 1579 1253 1672 ipso
1268 1576 1399 1650 brumali

339 1686 393 1756 dia
416 1685 584 1781 pulegium
610 1685 644 1752 in
666 1683 857 1755 carnariis¹⁰
874 1684 1022 1753 llorere:
1041 1683 1126 1753 adeo
1142 1682 1225 1753 nilu'l
1243 1682 1399 1753 ocmltum

340 1805 548 1864 emanatura
567 1789 680 1862 voluit.
707 1793 752 1860 Et
779 1789 911 1860 serendi
935 1791 1037 1884 igitur
1055 1788 1120 1859 hoc
1148 1789 1244 1858 dedit
1269 1792 1398 1884 signum.

342 1901 419 1968 Hae
435 1912 487 1968 est
506 1919 586 1966 vera
604 1897 850 1991 interpretatio,
869 1894 1132 1992 argumentum¹¹
1152 1910 1283 1966 naturae
1298 1919 1399 1966 secum

340 2003 495 2074 afferens.
527 2003 661 2098 Quippe
687 2003 734 2072 sit
759 2017 883 2071 terram
918 2003 986 2097 peti
1017 2001 1155 2088 suadet,
1181 2004 1398 2096 promittitque

340 2109 517 2205 quamdam
540 2110 694 2178 stercoris
712 2110 841 2192 vicem,
862 2122 897 2177 et
914 2122 1032 2178 contra
1055 2111 1184 2202 rigores
1205 2123 1327 2178 terram
1347 2108 1399 2176 fla·

340 2231 460 2310 tusque
473 2214 594 2310 operiri
609 2211 632 2238 ¹²
651 2237 671 2282 a
691 2239 726 2282 se
746 2215 896 2299 nuntiat,
916 2227 951 2282 et
967 2227 1082 2283 monet
1102 2214 1272 2284 festinare.

381 2427 409 2478 7.
428 2405 522 2476 Quibus
535 2417 570 2458 art
583 2423 650 2457 eura.
663 2403 856 2458 Sinceriualor·
900 2403 1017 2460 Fmatra.
1031 2405 1063 2459 ln
1074 2406 1201 2460 carnariia
1217 2405 1341 2479 auapendi
1350 2425 1397 2460 oar·

341 2499 408 2541 taaae
425 2505 456 2539 aa
473 2485 579 2558 planius
600 2485 698 2546 lirerit,
721 2507 732 2528 ι
750 2483 857 2548 Quibua
900 2503 1016 2539 neamoa
1028 2486 1153 2558 antiqu'ua
1172 2485 1246 2538 tuit:
1265 2505 1319 2560 quo
1335 2503 1398 2538 mora

340 2579 380 2620 eat
393 2583 457 2620 cnra
472 2561 615 2618 insidiandi
631 2563 856 2634 negotiatoribus,
900 2574 927 2617 et
939 2563 1066 2636 suspendi
1080 2562 1219 2637 pulegium
1231 2585 1304 2620 nuno
1312 2566 1397 2618 Plinius

340 2645 488 2699 avaritia·
513 2642 685 2712 Adiectitium
706 2643 779 2695 lllam
801 2661 857 2696 eme
900 2643 996 2698 innuit.
1009 2643 1117 2698 Colum.
1130 2644 1272 2711 xn,53:
1289 2644 1398 2699 cddno·

342 2725 478 2779 Pintianm
498 2723 581 2778 aenait
595 2725 705 2774 oraritioe
715 2723 854 2774 rotulam:
900 2721 1004 2776 decima
1018 2721 1109 2776 dicad
1123 2725 1211 2778 lacurn
1227 2725 1352 2778 aalanram
1361 2722 1398 2776 da·

342 2805 380 2858 aio
390 2801 492 2856 Pliniua'
499 2842 508 2866 ,
523 2821 583 2872 oap.
597 2807 649 2872 74,
660 2799 770 2856 damnat
781 2802 856 2855 arari·
900 2803 964 2855 ferri
979 2803 1130 2874 oportebit,
1141 2817 1169 2857 et
1180 2803 1263 2858 salem
1276 2805 1350 2876 prins
1361 2823 1397 2856 ar·

342 2885 407 2937 tiam
420 2881 605 2936 insidiantium
617 2881 720 2936 caritati
734 2899 856 2935 annona.
900 2881 969 2946 cuti,
989 2879 1087 2936 deinde
1099 2901 1168 2954 aqna
1186 2881 1261 2938 dulei
1274 2883 1398 2954 diligenter

343 2961 435 3014 Haan.
902 2961 1004 3033 perlui,
1029 2964 1128 3016 nacolii
1159 2963 1197 3016 aal
1224 2963 1360 3024 inheret.
1376 2973 1397 3013 et

384 3045 410 3098 8.
434 3041 473 3095 Ee
492 3041 645 3114 reliquarum.
671 3041 730 3093 Hoc
752 3053 807 3105 eat,
831 3053 859 3094 et
901 3039 1041 3114 paululum
1057 3043 1207 3097 assiccatam
1234 3042 1263 3095 in
1290 3041 1396 3097 carnario

343 3133 401 3175 tum
433 3120 599 3192 reliquarum
632 3121 745 3174 vestium
773 3121 858 3191 pretia
901 3119 1036 3192 anapendi.
1051 3148 1063 3168 ι
1080 3123 1169 3176 Varro
1181 3122 1217 3175 de
1232 3123 1274 3176 Re
1291 3125 1361 3177 Rust.
1375 3121 1393 3181 I.

342 3212 456 3272 angant,
470 3218 656 3273 annonamque
668 3212 761 3252 urunt.
774 3199 808 3251 ll.
904 3201 955 3265 54,
975 3199 1010 3254 da
1024 3201 1084 3254 uria
1103 3203 1274 3274 pensilibus:
1297 3230 1313 3252 ι
1334 3202 1396 3262 ath,

385 3299 413 3350 9.
426 3280 552 3334 indocilis.
565 3280 619 3345 Qui
631 3279 689 3333 carli
699 3279 858 3350 aignanoaae
902 3279 1006 3351 inquit,
1020 3281 1113 3353 quain
1122 3283 1251 3354 piscinam
1262 3281 1291 3334 in
1298 3281 1396 3354 amplio-

342 3359 446 3433 raaquit.
460 3357 551 3411 llario.
900 3377 930 3412 ra
944 3360 1029 3432 picata
1045 3359 1187 3415 descendat
1206 3380 1216 3416 a
1237 3362 1290 3415 alia
1303 3379 1359 3435 qna
1373 3359 1395 3412 ia

387 3457 431 3494 10.
442 3439 473 3492 In
483 3437 770 3491 camariacamarium
780 3437 857 3491 loona
900 3456 991 3505 aram,
1004 3451 1035 3493 nt
1046 3440 1074 3492 in
1086 3441 1237 3509 carnarium
1248 3441 1371 3496 asomdat
1384 3464 1393 3483 ·

345 3531 402 3586 aat,
428 3517 475 3571 nbi
489 3519 571 3572 aalitra
585 3535 677 3570 carnes
693 3515 858 3588 domirepo·
901 3519 1033 3591 Corrigo,
1048 3539 1132 3592 «qua
1146 3522 1176 3574 in
1186 3519 1394 3592 horreamus·

343 3609 454 3670 aluntur.
472 3597 583 3651 Interim
599 3593 629 3649 id
646 3595 857 3661 observandum,
900 3599 1026 3652 carnariia
1036 3599 1167 3654 ascendat.
1182 3627 1193 3650 ι
1207 3600 1302 3657 Hann.

344 3677 419 3750 qnod
433 3677 461 3730 in
473 3675 601 3731 carnariis
615 3693 742 3747 suspenso
748 3675 857 3748 pulegio
943 3697 989 3734 rr.
1006 3681 1193 3750 Argiuorum.
1207 3681 1322 3754 Signum
1336 3696 1395 3736 ana·

344 3755 466 3812 addidere
483 3757 585 3810 Pliniua
608 3755 658 3823 ait,
683 3753 712 3808 id
731 3756 760 3808 in
782 3749 857 3810 tectis
900 3769 960 3812 tura
980 3757 1082 3814 datum.
1101 3758 1192 3814 Hann.
1207 3795 1248 3806 -
1266 3765 1355 3837 Quippe
1368 3761 1395 3808 sit

344 3837 445 3908 pariter
457 3855 584 3908 anapenao
597 3837 751 3906 contingere
764 3837 798 3889 ab
811 3855 857 3890 eo·
900 3848 987 3891 terram
994 3843 1048 3912 peti
1055 3842 1148 3896 suadet.
1159 3841 1296 3910 Quidam,
1311 3871 1322 3891 ι
1333 3838 1394 3912 qnip-

344 3916 406 3970 dem
415 3917 584 3970 obaarvatnm
594 3917 647 3986 jam
664 3929 750 3980 antea,
760 3917 855 3982 11,st
899 3936 935 3988 pe
952 3919 989 3973 aio
1002 3932 1071 3974 terra
1084 3940 1112 3974 ae
1125 3923 1180 3994 peti
1192 3921 1288 3977 suadet
1301 3918 1392 3998 promit·

343 3995 523 4049 -camartu
539 3995 642 4050 Placuit
651 3995 802 4060 nonnullis,
814 4017 855 4050 co-
899 3999 1000 4070 titque,
1012 4014 1063 4053 etc.
1074 4027 1086 4048 ι
1103 4001 1154 4054 Ειι.

342 4078 446 4128 ranarii’s
459 4077 548 4146 potina
559 4075 624 4148 lagi,
637 4093 716 4147 quam
726 4081 854 4130 mariis.
943 4098 987 4133 ra.
998 4080 1104 4150 operiri.
1112 4081 1195 4136 Foliis
1204 4081 1357 4135 cadentibna
1365 4075 1390 4128 ll·
