<?xml version="1.0" encoding="UTF-8"?>
<!DOCTYPE html PUBLIC "-//W3C//DTD XHTML 1.0 Transitional//EN"
    "http://www.w3.org/TR/xhtml1/DTD/xhtml1-transitional.dtd">
<html xmlns="http://www.w3.org/1999/xhtml" xml:lang="en" lang="en">
 <head>
  <title>
</title>
<meta http-equiv="Content-Type" content="text/html;charset=utf-8" />
  <meta name='ocr-system' content='tesseract 3.04.00' />
  <meta name='ocr-capabilities' content='ocr_page ocr_carea ocr_par ocr_line ocrx_word'/>
</head>
<body>
  <div class='ocr_page' id='page_1' title='image "./caiipliniisecun02unkngoog_0373.png"; bbox 0 0 2925 5009; ppageno 0'>
   <div class='ocr_carea' id='block_1_1' title="bbox 322 431 1122 526">
    <p class='ocr_par' dir='ltr' id='par_1_1' title="bbox 322 431 1122 526">
     <span class='ocr_line' id='line_1_1' title="bbox 322 431 1122 526; baseline 0.006 -23"><span class='ocrx_word' id='word_1_1' title='bbox 322 431 394 526; x_wconf 69' lang='lat'><strong>360</strong></span> <span class='ocrx_word' id='word_1_2' title='bbox 589 437 628 504; x_wconf 90' lang='lat' dir='ltr'><strong>c.</strong></span> <span class='ocrx_word' id='word_1_3' title='bbox 653 437 825 508; x_wconf 83' lang='lat' dir='ltr'><strong>rmuu</strong></span> <span class='ocrx_word' id='word_1_4' title='bbox 849 441 965 511; x_wconf 75' lang='lat' dir='ltr'><strong>nur.</strong></span> <span class='ocrx_word' id='word_1_5' title='bbox 991 441 1122 509; x_wconf 87' lang='lat' dir='ltr'><strong>nrsr.</strong></span> 
     </span>
    </p>
   </div>
   <div class='ocr_carea' id='block_1_2' title="bbox 270 557 1432 1836">
    <p class='ocr_par' dir='ltr' id='par_1_2' title="bbox 270 557 1432 1836">
     <span class='ocr_line' id='line_1_2' title="bbox 321 557 1376 669; baseline 0.005 -31"><span class='ocrx_word' id='word_1_6' title='bbox 321 593 454 664; x_wconf 90' lang='lat' dir='ltr'><strong>quoque</strong></span> <span class='ocrx_word' id='word_1_7' title='bbox 488 582 585 638; x_wconf 67' lang='lat' dir='ltr'><strong>terrie</strong></span> <span class='ocrx_word' id='word_1_8' title='bbox 613 557 788 663; x_wconf 74' lang='lat' dir='ltr'><strong>injurium⁴</strong></span> <span class='ocrx_word' id='word_1_9' title='bbox 816 573 906 643; x_wconf 85' lang='lat' dir='ltr'><strong>lacit.</strong></span> <span class='ocrx_word' id='word_1_10' title='bbox 937 577 1097 668; x_wconf 80' lang='lat' dir='ltr'><strong>Ignoscat</strong></span> <span class='ocrx_word' id='word_1_11' title='bbox 1128 587 1237 642; x_wconf 82' lang='lat' dir='ltr'><strong>tamen</strong></span> <span class='ocrx_word' id='word_1_12' title='bbox 1269 573 1376 669; x_wconf 83' lang='lat' dir='ltr'><strong>uliquis</strong></span> 
     </span>
     <span class='ocr_line' id='line_1_3' title="bbox 320 661 1375 775; baseline 0.005 -32"><span class='ocrx_word' id='word_1_13' title='bbox 320 676 463 770; x_wconf 79' lang='lat' dir='ltr'><strong>AEgypto</strong></span> <span class='ocrx_word' id='word_1_14' title='bbox 482 675 603 744; x_wconf 87' lang='lat' dir='ltr'><strong>serenti</strong></span> <span class='ocrx_word' id='word_1_15' title='bbox 614 661 638 762; x_wconf 83' lang='lat'><strong>⁵,</strong></span> <span class='ocrx_word' id='word_1_16' title='bbox 657 691 695 745; x_wconf 93' lang='lat' dir='ltr'><strong>ut</strong></span> <span class='ocrx_word' id='word_1_17' title='bbox 709 678 840 750; x_wconf 80' lang='lat' dir='ltr'><strong>Arubiae</strong></span> <span class='ocrx_word' id='word_1_18' title='bbox 865 679 1034 774; x_wconf 80' lang='lat' dir='ltr'><strong>lndiaeque</strong></span> <span class='ocrx_word' id='word_1_19' title='bbox 1060 703 1188 749; x_wconf 87' lang='lat' dir='ltr'><strong>merces</strong></span> <span class='ocrx_word' id='word_1_20' title='bbox 1212 681 1375 775; x_wconf 80' lang='lat' dir='ltr'><strong>importet:</strong></span> 
     </span>
     <span class='ocr_line' id='line_1_4' title="bbox 320 770 1375 881; baseline 0.007 -33"><span class='ocrx_word' id='word_1_21' title='bbox 320 781 409 850; x_wconf 77' lang='lat' dir='ltr'><strong>itane</strong></span> <span class='ocrx_word' id='word_1_22' title='bbox 419 795 453 850; x_wconf 86' lang='lat' dir='ltr'><strong>et</strong></span> <span class='ocrx_word' id='word_1_23' title='bbox 462 781 578 851; x_wconf 78' lang='lat' dir='ltr'><strong>Galliae</strong></span> <span class='ocrx_word' id='word_1_24' title='bbox 587 799 764 853; x_wconf 81' lang='lat' dir='ltr'><strong>censentur</strong></span> <span class='ocrx_word' id='word_1_25' title='bbox 778 785 845 856; x_wconf 92' lang='lat' dir='ltr'><strong>hoc</strong></span> <span class='ocrx_word' id='word_1_26' title='bbox 860 785 992 857; x_wconf 75' lang='lat' dir='ltr'><strong>reditui</strong></span> <span class='ocrx_word' id='word_1_27' title='bbox 1006 770 1218 880; x_wconf 82' lang='lat' dir='ltr'><strong>rnontesque⁶</strong></span> <span class='ocrx_word' id='word_1_28' title='bbox 1233 789 1311 855; x_wconf 86' lang='lat' dir='ltr'><strong>mari</strong></span> <span class='ocrx_word' id='word_1_29' title='bbox 1320 812 1375 881; x_wconf 84' lang='lat' dir='ltr'><strong>op</strong></span> 
     </span>
     <span class='ocr_line' id='line_1_5' title="bbox 270 889 1432 982; baseline 0.006 -26"><span class='ocrx_word' id='word_1_30' title='bbox 270 933 275 946; x_wconf 89' lang='lat'>·</span> <span class='ocrx_word' id='word_1_31' title='bbox 319 889 446 982; x_wconf 89' lang='lat' dir='ltr'><strong>positos</strong></span> <span class='ocrx_word' id='word_1_32' title='bbox 464 911 535 958; x_wconf 89' lang='lat' dir='ltr'><strong>esse</strong></span> <span class='ocrx_word' id='word_1_33' title='bbox 553 914 622 957; x_wconf 90' lang='lat' dir='ltr'><strong>non</strong></span> <span class='ocrx_word' id='word_1_34' title='bbox 643 889 710 958; x_wconf 87' lang='lat' dir='ltr'><strong>est⁷</strong></span> <span class='ocrx_word' id='word_1_35' title='bbox 733 893 827 978; x_wconf 79' lang='lat' dir='ltr'><strong>setis,</strong></span> <span class='ocrx_word' id='word_1_36' title='bbox 856 906 891 962; x_wconf 87' lang='lat' dir='ltr'><strong>et</strong></span> <span class='ocrx_word' id='word_1_37' title='bbox 920 917 940 961; x_wconf 84' lang='lat' dir='ltr'><strong>u</strong></span> <span class='ocrx_word' id='word_1_38' title='bbox 973 891 1076 962; x_wconf 83' lang='lat' dir='ltr'><strong>latere</strong></span> <span class='ocrx_word' id='word_1_39' title='bbox 1109 894 1236 962; x_wconf 79' lang='lat' dir='ltr'><strong>Oceani</strong></span> <span class='ocrx_word' id='word_1_40' title='bbox 1255 894 1377 962; x_wconf 79' lang='lat' dir='ltr'><strong>obsture</strong></span> <span class='ocrx_word' id='word_1_41' title='bbox 1431 948 1432 951; x_wconf 16' lang='grc' dir='ltr'>η</span> 
     </span>
     <span class='ocr_line' id='line_1_6' title="bbox 320 985 1377 1089; baseline 0.006 -28"><span class='ocrx_word' id='word_1_42' title='bbox 320 997 428 1087; x_wconf 90' lang='lat' dir='ltr'><strong>ipsum</strong></span> <span class='ocrx_word' id='word_1_43' title='bbox 458 994 549 1089; x_wconf 88' lang='lat' dir='ltr'><strong>quod</strong></span> <span class='ocrx_word' id='word_1_44' title='bbox 577 1010 700 1065; x_wconf 79' lang='lat' dir='ltr'><strong>vocent</strong></span> <span class='ocrx_word' id='word_1_45' title='bbox 725 985 875 1067; x_wconf 76' lang='lat' dir='ltr'><strong>innnc⁸l</strong></span> <span class='ocrx_word' id='word_1_46' title='bbox 904 999 1067 1086; x_wconf 74' lang='lat' dir='ltr'><strong>Cadurci,</strong></span> <span class='ocrx_word' id='word_1_47' title='bbox 1096 997 1225 1081; x_wconf 69' lang='lat' dir='ltr'><strong>Galen,</strong></span> <span class='ocrx_word' id='word_1_48' title='bbox 1246 1001 1377 1083; x_wconf 81' lang='lat' dir='ltr'><strong>Ruteni,</strong></span> 
     </span>
     <span class='ocr_line' id='line_1_7' title="bbox 318 1099 1376 1196; baseline 0.006 -28"><span class='ocrx_word' id='word_1_49' title='bbox 318 1101 498 1195; x_wconf 83' lang='lat' dir='ltr'><strong>Bituriges,</strong></span> <span class='ocrx_word' id='word_1_50' title='bbox 533 1099 707 1196; x_wconf 83' lang='lat' dir='ltr'><strong>ultimique</strong></span> <span class='ocrx_word' id='word_1_51' title='bbox 732 1104 908 1174; x_wconf 90' lang='lat' dir='ltr'><strong>hominum</strong></span> <span class='ocrx_word' id='word_1_52' title='bbox 932 1105 1110 1174; x_wconf 80' lang='lat' dir='ltr'><strong>existimati</strong></span> <span class='ocrx_word' id='word_1_53' title='bbox 1127 1106 1270 1192; x_wconf 88' lang='lat' dir='ltr'><strong>Morini,</strong></span> <span class='ocrx_word' id='word_1_54' title='bbox 1285 1108 1376 1174; x_wconf 89' lang='lat' dir='ltr'><strong>immo</strong></span> 
     </span>
     <span class='ocr_line' id='line_1_8' title="bbox 286 1207 1377 1305; baseline 0.008 -33"><span class='ocrx_word' id='word_1_55' title='bbox 286 1227 301 1262; x_wconf 80' lang='lat'><em>2</em></span> <span class='ocrx_word' id='word_1_56' title='bbox 320 1227 401 1275; x_wconf 82' lang='lat' dir='ltr'><strong>vero</strong></span> <span class='ocrx_word' id='word_1_57' title='bbox 420 1207 537 1277; x_wconf 82' lang='lat' dir='ltr'><strong>Galliae</strong></span> <span class='ocrx_word' id='word_1_58' title='bbox 555 1209 718 1279; x_wconf 70' lang='lat' dir='ltr'><strong>universae</strong></span> <span class='ocrx_word' id='word_1_59' title='bbox 732 1209 807 1280; x_wconf 87' lang='lat' dir='ltr'><strong>vela</strong></span> <span class='ocrx_word' id='word_1_60' title='bbox 824 1209 1054 1280; x_wconf 52' lang='lat' dir='ltr'><strong>texentium</strong></span> <span class='ocrx_word' id='word_1_61' title='bbox 1071 1211 1206 1305; x_wconf 90' lang='lat' dir='ltr'><strong>quidem</strong></span> <span class='ocrx_word' id='word_1_62' title='bbox 1223 1225 1259 1280; x_wconf 89' lang='lat' dir='ltr'><strong>et</strong></span> <span class='ocrx_word' id='word_1_63' title='bbox 1271 1215 1377 1280; x_wconf 75' lang='lat' dir='ltr'><strong>Trans·</strong></span> 
     </span>
     <span class='ocr_line' id='line_1_9' title="bbox 317 1312 1376 1410; baseline 0.005 -30"><span class='ocrx_word' id='word_1_64' title='bbox 317 1312 457 1382; x_wconf 85' lang='lat' dir='ltr'><strong>rhenani</strong></span> <span class='ocrx_word' id='word_1_65' title='bbox 468 1313 581 1384; x_wconf 87' lang='lat' dir='ltr'><strong>hostes</strong></span> <span class='ocrx_word' id='word_1_66' title='bbox 593 1312 617 1337; x_wconf 86' lang='lat'><strong>¹⁰</strong></span> <span class='ocrx_word' id='word_1_67' title='bbox 632 1339 640 1382; x_wconf 91' lang='lat'><strong>:</strong></span> <span class='ocrx_word' id='word_1_68' title='bbox 656 1339 718 1386; x_wconf 88' lang='lat' dir='ltr'><strong>nec</strong></span> <span class='ocrx_word' id='word_1_69' title='bbox 733 1315 956 1410; x_wconf 88' lang='lat' dir='ltr'><strong>pulchriorem</strong></span> <span class='ocrx_word' id='word_1_70' title='bbox 963 1315 1061 1386; x_wconf 77' lang='lat' dir='ltr'><strong>aliern</strong></span> <span class='ocrx_word' id='word_1_71' title='bbox 1071 1331 1201 1386; x_wconf 78' lang='lat' dir='ltr'><strong>vestem</strong></span> <span class='ocrx_word' id='word_1_72' title='bbox 1215 1342 1323 1386; x_wconf 91' lang='lat' dir='ltr'><strong>eorum</strong></span> <span class='ocrx_word' id='word_1_73' title='bbox 1334 1318 1376 1386; x_wconf 85' lang='lat' dir='ltr'><strong>fe·</strong></span> 
     </span>
     <span class='ocr_line' id='line_1_10' title="bbox 316 1419 1377 1516; baseline 0.006 -30"><span class='ocrx_word' id='word_1_74' title='bbox 316 1419 560 1490; x_wconf 81' lang='lat' dir='ltr'><strong>minaenovere.</strong></span> <span class='ocrx_word' id='word_1_75' title='bbox 578 1421 656 1509; x_wconf 82' lang='lat' dir='ltr'><strong>Qua</strong></span> <span class='ocrx_word' id='word_1_76' title='bbox 665 1421 893 1494; x_wconf 80' lang='lat' dir='ltr'><strong>admonitione</strong></span> <span class='ocrx_word' id='word_1_77' title='bbox 905 1425 1090 1508; x_wconf 82' lang='lat' dir='ltr'><strong>succurrit,</strong></span> <span class='ocrx_word' id='word_1_78' title='bbox 1108 1422 1202 1516; x_wconf 88' lang='lat' dir='ltr'><strong>quod</strong></span> <span class='ocrx_word' id='word_1_79' title='bbox 1216 1425 1268 1492; x_wconf 84' lang='lat' dir='ltr'><strong>M.</strong></span> <span class='ocrx_word' id='word_1_80' title='bbox 1279 1426 1377 1492; x_wconf 78' lang='lat' dir='ltr'><strong>Varro</strong></span> 
     </span>
     <span class='ocr_line' id='line_1_11' title="bbox 316 1525 1377 1624; baseline 0.005 -31"><span class='ocrx_word' id='word_1_81' title='bbox 316 1525 437 1612; x_wconf 83' lang='lat' dir='ltr'><strong>tradit,</strong></span> <span class='ocrx_word' id='word_1_82' title='bbox 465 1528 498 1594; x_wconf 92' lang='lat' dir='ltr'><strong>in</strong></span> <span class='ocrx_word' id='word_1_83' title='bbox 527 1527 729 1596; x_wconf 84' lang='lat' dir='ltr'><strong>Seranorum</strong></span> <span class='ocrx_word' id='word_1_84' title='bbox 760 1527 883 1599; x_wconf 79' lang='lat' dir='ltr'><strong>familia</strong></span> <span class='ocrx_word' id='word_1_85' title='bbox 901 1528 1101 1624; x_wconf 83' lang='lat' dir='ltr'><strong>gentilitium</strong></span> <span class='ocrx_word' id='word_1_86' title='bbox 1127 1554 1222 1616; x_wconf 89' lang='lat' dir='ltr'><strong>esse,</strong></span> <span class='ocrx_word' id='word_1_87' title='bbox 1250 1529 1377 1600; x_wconf 76' lang='lat' dir='ltr'><strong>feminas</strong></span> 
     </span>
     <span class='ocr_line' id='line_1_12' title="bbox 316 1628 1377 1730; baseline 0.005 -32"><span class='ocrx_word' id='word_1_88' title='bbox 316 1628 403 1700; x_wconf 85' lang='lat' dir='ltr'><strong>linea</strong></span> <span class='ocrx_word' id='word_1_89' title='bbox 425 1647 516 1702; x_wconf 86' lang='lat' dir='ltr'><strong>reste</strong></span> <span class='ocrx_word' id='word_1_90' title='bbox 543 1657 612 1700; x_wconf 89' lang='lat' dir='ltr'><strong>non</strong></span> <span class='ocrx_word' id='word_1_91' title='bbox 635 1635 692 1702; x_wconf 89' lang='lat' dir='ltr'><strong>uti.</strong></span> <span class='ocrx_word' id='word_1_92' title='bbox 725 1639 766 1704; x_wconf 91' lang='lat' dir='ltr'><strong>In</strong></span> <span class='ocrx_word' id='word_1_93' title='bbox 790 1635 1001 1705; x_wconf 88' lang='lat' dir='ltr'><strong>Germania¹¹</strong></span> <span class='ocrx_word' id='word_1_94' title='bbox 1017 1651 1131 1705; x_wconf 84' lang='lat' dir='ltr'><strong>eutem</strong></span> <span class='ocrx_word' id='word_1_95' title='bbox 1151 1635 1273 1709; x_wconf 80' lang='lat' dir='ltr'><strong>defossi</strong></span> <span class='ocrx_word' id='word_1_96' title='bbox 1289 1651 1377 1730; x_wconf 81' lang='lat' dir='ltr'><strong>etque</strong></span> 
     </span>
     <span class='ocr_line' id='line_1_13' title="bbox 298 1737 1376 1836; baseline 0.005 -31"><span class='ocrx_word' id='word_1_97' title='bbox 298 1737 379 1806; x_wconf 80' lang='lat' dir='ltr'><strong>&#39;sub</strong></span> <span class='ocrx_word' id='word_1_98' title='bbox 400 1752 488 1806; x_wconf 86' lang='lat' dir='ltr'><strong>terra</strong></span> <span class='ocrx_word' id='word_1_99' title='bbox 506 1737 540 1807; x_wconf 94' lang='lat' dir='ltr'><strong>id</strong></span> <span class='ocrx_word' id='word_1_100' title='bbox 560 1764 646 1833; x_wconf 88' lang='lat' dir='ltr'><strong>opus</strong></span> <span class='ocrx_word' id='word_1_101' title='bbox 666 1755 781 1835; x_wconf 83' lang='lat' dir='ltr'><strong>agunt.</strong></span> <span class='ocrx_word' id='word_1_102' title='bbox 806 1740 966 1812; x_wconf 84' lang='lat' dir='ltr'><strong>Similiter</strong></span> <span class='ocrx_word' id='word_1_103' title='bbox 986 1755 1021 1810; x_wconf 92' lang='lat' dir='ltr'><strong>et</strong></span> <span class='ocrx_word' id='word_1_104' title='bbox 1048 1740 1201 1812; x_wconf 80' lang='lat' dir='ltr'><strong>initalia</strong></span> <span class='ocrx_word' id='word_1_105' title='bbox 1222 1739 1376 1836; x_wconf 85' lang='lat' dir='ltr'><strong>regione¹&#39;</strong></span> 
     </span>
    </p>
   </div>
   <div class='ocr_carea' id='block_1_3' title="bbox 313 1918 1376 4142">
    <p class='ocr_par' dir='ltr' id='par_1_3' title="bbox 313 1918 1376 4142">
     <span class='ocr_line' id='line_1_14' title="bbox 316 1918 1375 1995; baseline 0.001 -22"><span class='ocrx_word' id='word_1_106' title='bbox 316 1918 592 1975; x_wconf 77' lang='lat' dir='ltr'><strong>moturisnccsnderit</strong></span> <span class='ocrx_word' id='word_1_107' title='bbox 605 1938 692 1974; x_wconf 78' lang='lat' dir='ltr'><strong>annus</strong></span> <span class='ocrx_word' id='word_1_108' title='bbox 705 1922 830 1994; x_wconf 78' lang='lat' dir='ltr'><strong>Ignibus,</strong></span> <span class='ocrx_word' id='word_1_109' title='bbox 874 1922 992 1995; x_wconf 73' lang='lat' dir='ltr'><strong>vigendo</strong></span> <span class='ocrx_word' id='word_1_110' title='bbox 1009 1922 1098 1976; x_wconf 89' lang='lat' dir='ltr'><strong>linum</strong></span> <span class='ocrx_word' id='word_1_111' title='bbox 1117 1935 1188 1976; x_wconf 75' lang='lat' dir='ltr'><strong>seret</strong></span> <span class='ocrx_word' id='word_1_112' title='bbox 1206 1923 1300 1977; x_wconf 78' lang='lat' dir='ltr'><strong>Gallie.</strong></span> <span class='ocrx_word' id='word_1_113' title='bbox 1314 1924 1375 1974; x_wconf 74' lang='lat' dir='ltr'><strong>Dru„</strong></span> 
     </span>
     <span class='ocr_line' id='line_1_15' title="bbox 314 2000 1376 2071; baseline 0 -17"><span class='ocrx_word' id='word_1_114' title='bbox 314 2013 341 2054; x_wconf 82' lang='lat' dir='ltr'><strong>et</strong></span> <span class='ocrx_word' id='word_1_115' title='bbox 352 2000 424 2054; x_wconf 79' lang='lat' dir='ltr'><strong>claro</strong></span> <span class='ocrx_word' id='word_1_116' title='bbox 437 2001 520 2054; x_wconf 70' lang='lat' dir='ltr'><strong>Rleiss</strong></span> <span class='ocrx_word' id='word_1_117' title='bbox 526 2019 554 2053; x_wconf 91' lang='lat' dir='ltr'><strong>se</strong></span> <span class='ocrx_word' id='word_1_118' title='bbox 564 2001 726 2071; x_wconf 86' lang='lat' dir='ltr'><strong>prompserit</strong></span> <span class='ocrx_word' id='word_1_119' title='bbox 732 2015 803 2055; x_wconf 86' lang='lat' dir='ltr'><strong>ortu.</strong></span> <span class='ocrx_word' id='word_1_120' title='bbox 815 2029 826 2051; x_wconf 80' lang='grc' dir='ltr'>ι</span> <span class='ocrx_word' id='word_1_121' title='bbox 916 2001 1314 2067; x_wconf 74' lang='lat' dir='ltr'><strong>8.Inarre.1urue,etdemuriet</strong></span> <span class='ocrx_word' id='word_1_122' title='bbox 1323 2021 1376 2054; x_wconf 82' lang='lat' dir='ltr'><strong>sere</strong></span> 
     </span>
     <span class='ocr_line' id='line_1_16' title="bbox 315 2080 1376 2154; baseline 0.003 -22"><span class='ocrx_word' id='word_1_123' title='bbox 315 2080 497 2154; x_wconf 70' lang='lat' dir='ltr'><strong>Vergiliarum</strong></span> <span class='ocrx_word' id='word_1_124' title='bbox 512 2092 607 2133; x_wconf 84' lang='lat' dir='ltr'><strong>exortu</strong></span> <span class='ocrx_word' id='word_1_125' title='bbox 623 2092 740 2134; x_wconf 81' lang='lat' dir='ltr'><strong>estatem</strong></span> <span class='ocrx_word' id='word_1_126' title='bbox 763 2082 831 2135; x_wconf 84' lang='lat' dir='ltr'><strong>inei·</strong></span> <span class='ocrx_word' id='word_1_127' title='bbox 874 2080 943 2146; x_wconf 87' lang='lat' dir='ltr'><strong>dici,</strong></span> <span class='ocrx_word' id='word_1_128' title='bbox 954 2080 1017 2135; x_wconf 82' lang='lat' dir='ltr'><strong>ride</strong></span> <span class='ocrx_word' id='word_1_129' title='bbox 1031 2080 1103 2153; x_wconf 69' lang='lat' dir='ltr'><strong>apud</strong></span> <span class='ocrx_word' id='word_1_130' title='bbox 1115 2083 1238 2136; x_wconf 77' lang='lat' dir='ltr'><strong>Tur-neh.</strong></span> <span class='ocrx_word' id='word_1_131' title='bbox 1250 2081 1376 2140; x_wconf 73' lang='lat' dir='ltr'><strong>Adrerssr.</strong></span> 
     </span>
     <span class='ocr_line' id='line_1_17' title="bbox 314 2156 1224 2233; baseline 0.003 -21"><span class='ocrx_word' id='word_1_132' title='bbox 314 2179 379 2232; x_wconf 84' lang='lat' dir='ltr'><strong>pere</strong></span> <span class='ocrx_word' id='word_1_133' title='bbox 391 2160 529 2232; x_wconf 83' lang='lat' dir='ltr'><strong>superiore</strong></span> <span class='ocrx_word' id='word_1_134' title='bbox 540 2159 611 2212; x_wconf 89' lang='lat' dir='ltr'><strong>libro</strong></span> <span class='ocrx_word' id='word_1_135' title='bbox 627 2156 754 2222; x_wconf 84' lang='lat' dir='ltr'><strong>diximus,</strong></span> <span class='ocrx_word' id='word_1_136' title='bbox 771 2180 829 2232; x_wconf 79' lang='lat' dir='ltr'><strong>cap.</strong></span> <span class='ocrx_word' id='word_1_137' title='bbox 874 2161 922 2214; x_wconf 88' lang='lat' dir='ltr'><strong>lib.</strong></span> <span class='ocrx_word' id='word_1_138' title='bbox 933 2162 987 2222; x_wconf 77' lang='lat' dir='ltr'><strong>xl.</strong></span> <span class='ocrx_word' id='word_1_139' title='bbox 1001 2181 1059 2233; x_wconf 78' lang='lat' dir='ltr'><strong>cup</strong></span> <span class='ocrx_word' id='word_1_140' title='bbox 1073 2181 1099 2231; x_wconf 88' lang='lat'><strong>9.</strong></span> <span class='ocrx_word' id='word_1_141' title='bbox 1115 2163 1224 2215; x_wconf 74' lang='lat' dir='ltr'><strong>Dente.</strong></span> 
     </span>
     <span class='ocr_line' id='line_1_18' title="bbox 315 2239 1374 2314; baseline 0.003 -22"><span class='ocrx_word' id='word_1_142' title='bbox 315 2243 359 2310; x_wconf 88' lang='lat'><strong>69.</strong></span> <span class='ocrx_word' id='word_1_143' title='bbox 374 2239 464 2293; x_wconf 75' lang='lat' dir='ltr'><strong>Hunn.</strong></span> <span class='ocrx_word' id='word_1_144' title='bbox 913 2261 942 2310; x_wconf 85' lang='lat'><strong>9.</strong></span> <span class='ocrx_word' id='word_1_145' title='bbox 961 2241 1024 2293; x_wconf 71' lang='lat' dir='ltr'><strong>Vela</strong></span> <span class='ocrx_word' id='word_1_146' title='bbox 1038 2242 1203 2295; x_wconf 56' lang='grc' dir='ltr'><strong>πυκινοὶ.</strong></span> <span class='ocrx_word' id='word_1_147' title='bbox 1214 2241 1374 2314; x_wconf 77' lang='lat' dir='ltr'><strong>apudDrlec.</strong></span> 
     </span>
     <span class='ocr_line' id='line_1_19' title="bbox 358 2319 1191 2389; baseline 0.004 -17"><span class='ocrx_word' id='word_1_148' title='bbox 358 2325 385 2382; x_wconf 70' lang='grc'><strong>4.</strong></span> <span class='ocrx_word' id='word_1_149' title='bbox 404 2320 441 2372; x_wconf 82' lang='lat' dir='ltr'><strong>Et</strong></span> <span class='ocrx_word' id='word_1_150' title='bbox 458 2321 520 2370; x_wconf 77' lang='lat' dir='ltr'><strong>irene·</strong></span> <span class='ocrx_word' id='word_1_151' title='bbox 604 2320 723 2389; x_wconf 83' lang='lat' dir='ltr'><strong>injurium.</strong></span> <span class='ocrx_word' id='word_1_152' title='bbox 748 2319 830 2386; x_wconf 86' lang='lat' dir='ltr'><strong>Quod</strong></span> <span class='ocrx_word' id='word_1_153' title='bbox 874 2322 1122 2372; x_wconf 63' lang='lat' dir='ltr'><strong>rerumrerum.</strong></span> <span class='ocrx_word' id='word_1_154' title='bbox 1135 2321 1191 2374; x_wconf 82' lang='lat' dir='ltr'><strong>Er).</strong></span> 
     </span>
     <span class='ocr_line' id='line_1_20' title="bbox 313 2396 1372 2471; baseline 0 -19"><span class='ocrx_word' id='word_1_155' title='bbox 313 2417 412 2471; x_wconf 83' lang='lat' dir='ltr'><strong>nempe</strong></span> <span class='ocrx_word' id='word_1_156' title='bbox 425 2399 507 2451; x_wconf 77' lang='lat' dir='ltr'><strong>vellii</strong></span> <span class='ocrx_word' id='word_1_157' title='bbox 518 2396 606 2450; x_wconf 80' lang='lat' dir='ltr'><strong>radice</strong></span> <span class='ocrx_word' id='word_1_158' title='bbox 615 2397 683 2452; x_wconf 92' lang='lat' dir='ltr'><strong>illud</strong></span> <span class='ocrx_word' id='word_1_159' title='bbox 692 2412 830 2470; x_wconf 78' lang='lat' dir='ltr'><strong>oporteat,</strong></span> <span class='ocrx_word' id='word_1_160' title='bbox 918 2420 960 2453; x_wconf 85' lang='lat' dir='ltr'><strong>ro.</strong></span> <span class='ocrx_word' id='word_1_161' title='bbox 973 2401 1155 2453; x_wconf 77' lang='lat' dir='ltr'><strong>Trono-imarii</strong></span> <span class='ocrx_word' id='word_1_162' title='bbox 1161 2401 1249 2452; x_wconf 69' lang='lat' dir='ltr'><strong>umes.</strong></span> <span class='ocrx_word' id='word_1_163' title='bbox 1263 2403 1372 2462; x_wconf 66' lang='lat' dir='ltr'><strong>Betim,</strong></span> 
     </span>
     <span class='ocr_line' id='line_1_21' title="bbox 314 2477 1373 2551; baseline -0.002 -17"><span class='ocrx_word' id='word_1_164' title='bbox 314 2499 370 2534; x_wconf 89' lang='lat' dir='ltr'><strong>non</strong></span> <span class='ocrx_word' id='word_1_165' title='bbox 382 2492 412 2534; x_wconf 86' lang='lat' dir='ltr'><strong>nt</strong></span> <span class='ocrx_word' id='word_1_166' title='bbox 423 2479 556 2532; x_wconf 82' lang='lat' dir='ltr'><strong>frumenta</strong></span> <span class='ocrx_word' id='word_1_167' title='bbox 579 2479 642 2530; x_wconf 87' lang='lat' dir='ltr'><strong>meti</strong></span> <span class='ocrx_word' id='word_1_168' title='bbox 655 2497 661 2530; x_wconf 93' lang='lat'>:</span> <span class='ocrx_word' id='word_1_169' title='bbox 677 2477 751 2550; x_wconf 83' lang='lat' dir='ltr'><strong>quod</strong></span> <span class='ocrx_word' id='word_1_170' title='bbox 763 2479 829 2534; x_wconf 88' lang='lat' dir='ltr'><strong>dum</strong></span> <span class='ocrx_word' id='word_1_171' title='bbox 873 2479 981 2550; x_wconf 88' lang='lat' dir='ltr'><strong>opinor,</strong></span> <span class='ocrx_word' id='word_1_172' title='bbox 989 2478 1187 2551; x_wconf 81' lang='lat' dir='ltr'><strong>iutelligit,qui</strong></span> <span class='ocrx_word' id='word_1_173' title='bbox 1197 2480 1373 2534; x_wconf 75' lang='lat' dir='ltr'><strong>insulamiilre·</strong></span> 
     </span>
     <span class='ocr_line' id='line_1_22' title="bbox 315 2557 1371 2631; baseline 0.004 -21"><span class='ocrx_word' id='word_1_174' title='bbox 315 2559 351 2612; x_wconf 77' lang='lat' dir='ltr'><strong>ita</strong></span> <span class='ocrx_word' id='word_1_175' title='bbox 364 2557 409 2624; x_wconf 86' lang='lat' dir='ltr'><strong>fit,</strong></span> <span class='ocrx_word' id='word_1_176' title='bbox 429 2571 507 2612; x_wconf 78' lang='lat' dir='ltr'><strong>terrae</strong></span> <span class='ocrx_word' id='word_1_177' title='bbox 524 2574 618 2610; x_wconf 85' lang='lat' dir='ltr'><strong>succus</strong></span> <span class='ocrx_word' id='word_1_178' title='bbox 635 2557 724 2611; x_wconf 86' lang='lat' dir='ltr'><strong>omnis</strong></span> <span class='ocrx_word' id='word_1_179' title='bbox 742 2571 829 2613; x_wconf 84' lang='lat' dir='ltr'><strong>extru-</strong></span> <span class='ocrx_word' id='word_1_180' title='bbox 872 2559 901 2612; x_wconf 90' lang='lat' dir='ltr'><strong>ui</strong></span> <span class='ocrx_word' id='word_1_181' title='bbox 914 2559 1001 2612; x_wconf 78' lang='lat' dir='ltr'><strong>amnis</strong></span> <span class='ocrx_word' id='word_1_182' title='bbox 1014 2560 1124 2622; x_wconf 84' lang='lat' dir='ltr'><strong>colunt,</strong></span> <span class='ocrx_word' id='word_1_183' title='bbox 1140 2560 1282 2614; x_wconf 75' lang='lat' dir='ltr'><strong>Cattorum</strong></span> <span class='ocrx_word' id='word_1_184' title='bbox 1298 2578 1371 2631; x_wconf 80' lang='lat' dir='ltr'><strong>qnon-</strong></span> 
     </span>
     <span class='ocr_line' id='line_1_23' title="bbox 314 2633 1371 2710; baseline -0.003 -18"><span class='ocrx_word' id='word_1_185' title='bbox 314 2639 401 2702; x_wconf 82' lang='lat' dir='ltr'><strong>lritur,</strong></span> <span class='ocrx_word' id='word_1_186' title='bbox 423 2650 454 2690; x_wconf 82' lang='lat' dir='ltr'><strong>nt</strong></span> <span class='ocrx_word' id='word_1_187' title='bbox 475 2635 578 2690; x_wconf 83' lang='lat' dir='ltr'><strong>Plinius</strong></span> <span class='ocrx_word' id='word_1_188' title='bbox 597 2633 736 2691; x_wconf 76' lang='lat' dir='ltr'><strong>admonuit</strong></span> <span class='ocrx_word' id='word_1_189' title='bbox 756 2639 829 2693; x_wconf 92' lang='lat' dir='ltr'><strong>libro</strong></span> <span class='ocrx_word' id='word_1_190' title='bbox 873 2637 935 2690; x_wconf 81' lang='lat' dir='ltr'><strong>dum</strong></span> <span class='ocrx_word' id='word_1_191' title='bbox 944 2639 1091 2710; x_wconf 84' lang='lat' dir='ltr'><strong>populum,</strong></span> <span class='ocrx_word' id='word_1_192' title='bbox 1100 2637 1166 2692; x_wconf 84' lang='lat' dir='ltr'><strong>dum</strong></span> <span class='ocrx_word' id='word_1_193' title='bbox 1177 2652 1252 2693; x_wconf 72' lang='lat' dir='ltr'><strong>tuns</strong></span> <span class='ocrx_word' id='word_1_194' title='bbox 1264 2641 1371 2693; x_wconf 85' lang='lat' dir='ltr'><strong>Rhenum</strong></span> 
     </span>
     <span class='ocr_line' id='line_1_24' title="bbox 315 2715 1371 2790; baseline -0.003 -19"><span class='ocrx_word' id='word_1_195' title='bbox 315 2718 465 2787; x_wconf 83' lang='lat' dir='ltr'><strong>superiore,</strong></span> <span class='ocrx_word' id='word_1_196' title='bbox 474 2735 532 2788; x_wconf 79' lang='lat' dir='ltr'><strong>cup.</strong></span> <span class='ocrx_word' id='word_1_197' title='bbox 544 2735 581 2788; x_wconf 74' lang='lat'><strong>7²</strong></span> <span class='ocrx_word' id='word_1_198' title='bbox 592 2732 599 2768; x_wconf 75' lang='grc' dir='ltr'><em>τ</em></span> <span class='ocrx_word' id='word_1_199' title='bbox 612 2716 713 2782; x_wconf 67' lang='lat' dir='ltr'><strong>«Armi,</strong></span> <span class='ocrx_word' id='word_1_200' title='bbox 727 2717 829 2790; x_wconf 84' lang='lat' dir='ltr'><strong>inquit,</strong></span> <span class='ocrx_word' id='word_1_201' title='bbox 872 2717 1019 2788; x_wconf 72' lang='lat' dir='ltr'><strong>degment,</strong></span> <span class='ocrx_word' id='word_1_202' title='bbox 1037 2731 1070 2772; x_wconf 85' lang='lat' dir='ltr'><strong>nt</strong></span> <span class='ocrx_word' id='word_1_203' title='bbox 1083 2718 1194 2772; x_wconf 80' lang='lat' dir='ltr'><strong>Tacinrs</strong></span> <span class='ocrx_word' id='word_1_204' title='bbox 1216 2720 1274 2786; x_wconf 79' lang='lat' dir='ltr'><strong>ait,</strong></span> <span class='ocrx_word' id='word_1_205' title='bbox 1285 2721 1328 2772; x_wconf 88' lang='lat' dir='ltr'><strong>lib.</strong></span> <span class='ocrx_word' id='word_1_206' title='bbox 1343 2715 1371 2768; x_wconf 84' lang='lat' dir='ltr'><strong>rle</strong></span> 
     </span>
     <span class='ocr_line' id='line_1_25' title="bbox 314 2795 1372 2871; baseline -0.002 -21"><span class='ocrx_word' id='word_1_207' title='bbox 314 2797 448 2850; x_wconf 76' lang='lat' dir='ltr'><strong>frumento</strong></span> <span class='ocrx_word' id='word_1_208' title='bbox 465 2796 499 2850; x_wconf 82' lang='lat' dir='ltr'><strong>nb</strong></span> <span class='ocrx_word' id='word_1_209' title='bbox 516 2795 606 2848; x_wconf 77' lang='lat' dir='ltr'><strong>radice</strong></span> <span class='ocrx_word' id='word_1_210' title='bbox 625 2797 747 2862; x_wconf 74' lang='lat' dir='ltr'><strong>vellunt3</strong></span> <span class='ocrx_word' id='word_1_211' title='bbox 768 2798 829 2871; x_wconf 89' lang='lat' dir='ltr'><strong>qui·</strong></span> <span class='ocrx_word' id='word_1_212' title='bbox 873 2798 993 2852; x_wconf 87' lang='lat' dir='ltr'><strong>moribus</strong></span> <span class='ocrx_word' id='word_1_213' title='bbox 1003 2798 1212 2851; x_wconf 81' lang='lat' dir='ltr'><strong>Germanorum.</strong></span> <span class='ocrx_word' id='word_1_214' title='bbox 1220 2799 1304 2853; x_wconf 78' lang='lat' dir='ltr'><strong>Rtism</strong></span> <span class='ocrx_word' id='word_1_215' title='bbox 1311 2814 1372 2851; x_wconf 87' lang='lat' dir='ltr'><strong>nune</strong></span> 
     </span>
     <span class='ocr_line' id='line_1_26' title="bbox 315 2873 1371 2949; baseline -0.002 -19"><span class='ocrx_word' id='word_1_216' title='bbox 315 2895 370 2949; x_wconf 87' lang='lat' dir='ltr'><strong>que</strong></span> <span class='ocrx_word' id='word_1_217' title='bbox 389 2875 417 2928; x_wconf 91' lang='lat' dir='ltr'><strong>id</strong></span> <span class='ocrx_word' id='word_1_218' title='bbox 442 2876 556 2938; x_wconf 81' lang='lat' dir='ltr'><strong>fuciunt,</strong></span> <span class='ocrx_word' id='word_1_219' title='bbox 582 2873 717 2947; x_wconf 83' lang='lat' dir='ltr'><strong>proscindi</strong></span> <span class='ocrx_word' id='word_1_220' title='bbox 743 2879 778 2930; x_wconf 79' lang='lat' dir='ltr'><strong>ab</strong></span> <span class='ocrx_word' id='word_1_221' title='bbox 801 2897 828 2932; x_wconf 87' lang='lat' dir='ltr'><strong>se</strong></span> <span class='ocrx_word' id='word_1_222' title='bbox 873 2875 1062 2930; x_wconf 77' lang='lat' dir='ltr'><strong>liollsndicum</strong></span> <span class='ocrx_word' id='word_1_223' title='bbox 1082 2877 1190 2945; x_wconf 87' lang='lat' dir='ltr'><strong>linum,</strong></span> <span class='ocrx_word' id='word_1_224' title='bbox 1212 2893 1241 2933; x_wconf 81' lang='lat' dir='ltr'><strong>et</strong></span> <span class='ocrx_word' id='word_1_225' title='bbox 1256 2876 1371 2940; x_wconf 78' lang='lat' dir='ltr'><strong>esndurs,</strong></span> 
     </span>
     <span class='ocr_line' id='line_1_27' title="bbox 314 2955 1370 3028; baseline -0.001 -18"><span class='ocrx_word' id='word_1_226' title='bbox 314 2957 503 3026; x_wconf 73' lang='lat' dir='ltr'><strong>olriterrgrunr</strong></span> <span class='ocrx_word' id='word_1_227' title='bbox 515 2955 732 3026; x_wconf 76' lang='lat' dir='ltr'><strong>interpretentur,</strong></span> <span class='ocrx_word' id='word_1_228' title='bbox 743 2974 828 3028; x_wconf 90' lang='lat' dir='ltr'><strong>quum</strong></span> <span class='ocrx_word' id='word_1_229' title='bbox 871 2968 899 3008; x_wconf 83' lang='lat' dir='ltr'><strong>et</strong></span> <span class='ocrx_word' id='word_1_230' title='bbox 911 2957 1053 3021; x_wconf 76' lang='lat' dir='ltr'><strong>firmitute,</strong></span> <span class='ocrx_word' id='word_1_231' title='bbox 1063 2970 1091 3010; x_wconf 85' lang='lat' dir='ltr'><strong>et</strong></span> <span class='ocrx_word' id='word_1_232' title='bbox 1105 2957 1301 3012; x_wconf 71' lang='lat' dir='ltr'><strong>Elementorum</strong></span> <span class='ocrx_word' id='word_1_233' title='bbox 1308 2955 1370 3009; x_wconf 79' lang='lat' dir='ltr'><strong>exili·</strong></span> 
     </span>
     <span class='ocr_line' id='line_1_28' title="bbox 316 3035 1371 3106; baseline -0.003 -17"><span class='ocrx_word' id='word_1_234' title='bbox 316 3036 456 3090; x_wconf 75' lang='lat' dir='ltr'><strong>extrahant</strong></span> <span class='ocrx_word' id='word_1_235' title='bbox 468 3051 587 3088; x_wconf 86' lang='lat' dir='ltr'><strong>succum.</strong></span> <span class='ocrx_word' id='word_1_236' title='bbox 605 3060 616 3082; x_wconf 81' lang='grc' dir='ltr'>ι</span> <span class='ocrx_word' id='word_1_237' title='bbox 635 3036 728 3089; x_wconf 74' lang='lat' dir='ltr'><strong>lirun.</strong></span> <span class='ocrx_word' id='word_1_238' title='bbox 871 3035 1371 3106; x_wconf 67' lang='lat' dir='ltr'><strong>tuteprelerturouterisomnibusfoilr</strong></span> 
     </span>
     <span class='ocr_line' id='line_1_29' title="bbox 358 3111 1368 3188; baseline 0.002 -20"><span class='ocrx_word' id='word_1_239' title='bbox 358 3115 384 3170; x_wconf 81' lang='grc'><strong>5.</strong></span> <span class='ocrx_word' id='word_1_240' title='bbox 399 3115 513 3188; x_wconf 67' lang='lat' dir='ltr'><strong>AEgpplo</strong></span> <span class='ocrx_word' id='word_1_241' title='bbox 527 3117 623 3166; x_wconf 79' lang='lat' dir='ltr'><strong>serenti.</strong></span> <span class='ocrx_word' id='word_1_242' title='bbox 634 3111 738 3166; x_wconf 70' lang='lat' dir='ltr'><strong>hudut</strong></span> <span class='ocrx_word' id='word_1_243' title='bbox 746 3119 827 3187; x_wconf 77' lang='lat' dir='ltr'><strong>AEgy·</strong></span> <span class='ocrx_word' id='word_1_244' title='bbox 870 3115 902 3167; x_wconf 79' lang='lat' dir='ltr'><strong>de</strong></span> <span class='ocrx_word' id='word_1_245' title='bbox 913 3115 1053 3179; x_wconf 71' lang='lat' dir='ltr'><strong>Hollvrde,</strong></span> <span class='ocrx_word' id='word_1_246' title='bbox 1066 3116 1123 3167; x_wconf 80' lang='lat' dir='ltr'><strong>teile</strong></span> <span class='ocrx_word' id='word_1_247' title='bbox 1133 3117 1165 3168; x_wconf 80' lang='lat' dir='ltr'><strong>ds</strong></span> <span class='ocrx_word' id='word_1_248' title='bbox 1174 3117 1255 3172; x_wconf 79' lang='lat' dir='ltr'><strong>Frise.</strong></span> <span class='ocrx_word' id='word_1_249' title='bbox 1265 3115 1368 3170; x_wconf 59' lang='lat' dir='ltr'><strong>Parium</strong></span> 
     </span>
     <span class='ocr_line' id='line_1_30' title="bbox 315 3190 1206 3266; baseline 0 -16"><span class='ocrx_word' id='word_1_250' title='bbox 315 3195 372 3266; x_wconf 78' lang='lat' dir='ltr'><strong>ptis</strong></span> <span class='ocrx_word' id='word_1_251' title='bbox 385 3195 441 3247; x_wconf 85' lang='lat' dir='ltr'><strong>relu</strong></span> <span class='ocrx_word' id='word_1_252' title='bbox 463 3193 626 3264; x_wconf 85' lang='lat' dir='ltr'><strong>Hermippus</strong></span> <span class='ocrx_word' id='word_1_253' title='bbox 638 3190 712 3265; x_wconf 78' lang='lat' dir='ltr'><strong>opud</strong></span> <span class='ocrx_word' id='word_1_254' title='bbox 724 3195 825 3257; x_wconf 77' lang='lat' dir='ltr'><strong>Athen.</strong></span> <span class='ocrx_word' id='word_1_255' title='bbox 871 3193 988 3249; x_wconf 77' lang='lat' dir='ltr'><strong>secunda</strong></span> <span class='ocrx_word' id='word_1_256' title='bbox 1001 3195 1100 3266; x_wconf 78' lang='lat' dir='ltr'><strong>palme.</strong></span> <span class='ocrx_word' id='word_1_257' title='bbox 1114 3194 1206 3250; x_wconf 68' lang='lat' dir='ltr'><strong>Hero.</strong></span> 
     </span>
     <span class='ocr_line' id='line_1_31' title="bbox 315 3272 1373 3346; baseline 0 -18"><span class='ocrx_word' id='word_1_258' title='bbox 315 3276 346 3340; x_wconf 92' lang='lat'><strong>1,</strong></span> <span class='ocrx_word' id='word_1_259' title='bbox 359 3292 419 3346; x_wconf 72' lang='lat' dir='ltr'><strong>pag.</strong></span> <span class='ocrx_word' id='word_1_260' title='bbox 436 3293 482 3344; x_wconf 76' lang='lat'><strong>²7·</strong></span> <span class='ocrx_word' id='word_1_261' title='bbox 496 3273 586 3326; x_wconf 80' lang='lat' dir='ltr'><strong>lirun.</strong></span> <span class='ocrx_word' id='word_1_262' title='bbox 915 3291 959 3328; x_wconf 85' lang='lat' dir='ltr'><strong>rr.</strong></span> <span class='ocrx_word' id='word_1_263' title='bbox 973 3275 1005 3326; x_wconf 83' lang='lat' dir='ltr'><strong>In</strong></span> <span class='ocrx_word' id='word_1_264' title='bbox 1020 3274 1161 3329; x_wconf 70' lang='lat' dir='ltr'><strong>Germania.</strong></span> <span class='ocrx_word' id='word_1_265' title='bbox 1177 3274 1234 3328; x_wconf 85' lang='lat' dir='ltr'><strong>Sed</strong></span> <span class='ocrx_word' id='word_1_266' title='bbox 1247 3289 1273 3328; x_wconf 86' lang='lat' dir='ltr'><strong>et</strong></span> <span class='ocrx_word' id='word_1_267' title='bbox 1282 3275 1307 3328; x_wconf 89' lang='lat' dir='ltr'><strong>in</strong></span> <span class='ocrx_word' id='word_1_268' title='bbox 1316 3272 1373 3328; x_wconf 49' lang='lat' dir='ltr'><strong>Gal*</strong></span> 
     </span>
     <span class='ocr_line' id='line_1_32' title="bbox 357 3351 1366 3426; baseline 0.002 -20"><span class='ocrx_word' id='word_1_269' title='bbox 357 3359 383 3408; x_wconf 84' lang='lat'><strong>6.</strong></span> <span class='ocrx_word' id='word_1_270' title='bbox 396 3353 544 3426; x_wconf 78' lang='lat' dir='ltr'><strong>Montesque.</strong></span> <span class='ocrx_word' id='word_1_271' title='bbox 561 3353 617 3405; x_wconf 88' lang='lat' dir='ltr'><strong>Nec</strong></span> <span class='ocrx_word' id='word_1_272' title='bbox 632 3352 692 3405; x_wconf 82' lang='lat' dir='ltr'><strong>sutis</strong></span> <span class='ocrx_word' id='word_1_273' title='bbox 704 3351 771 3416; x_wconf 80' lang='lat' dir='ltr'><strong>luit,</strong></span> <span class='ocrx_word' id='word_1_274' title='bbox 792 3372 827 3408; x_wconf 93' lang='lat' dir='ltr'><strong>ue</strong></span> <span class='ocrx_word' id='word_1_275' title='bbox 871 3353 906 3407; x_wconf 82' lang='lat' dir='ltr'><strong>lie</strong></span> <span class='ocrx_word' id='word_1_276' title='bbox 917 3371 1026 3425; x_wconf 86' lang='lat' dir='ltr'><strong>quoque</strong></span> <span class='ocrx_word' id='word_1_277' title='bbox 1037 3372 1045 3406; x_wconf 75' lang='lat' dir='ltr'><strong>r</strong></span> <span class='ocrx_word' id='word_1_278' title='bbox 1056 3367 1167 3425; x_wconf 88' lang='lat' dir='ltr'><strong>propter</strong></span> <span class='ocrx_word' id='word_1_279' title='bbox 1177 3355 1276 3426; x_wconf 76' lang='lat' dir='ltr'><strong>frigus,</strong></span> <span class='ocrx_word' id='word_1_280' title='bbox 1292 3366 1366 3408; x_wconf 65' lang='lat' dir='ltr'><strong>uus·</strong></span> 
     </span>
     <span class='ocr_line' id='line_1_33' title="bbox 315 3430 1251 3504; baseline 0 -16"><span class='ocrx_word' id='word_1_281' title='bbox 315 3435 398 3488; x_wconf 79' lang='lat' dir='ltr'><strong>muria</strong></span> <span class='ocrx_word' id='word_1_282' title='bbox 411 3431 480 3486; x_wconf 78' lang='lat' dir='ltr'><strong>Galli</strong></span> <span class='ocrx_word' id='word_1_283' title='bbox 502 3443 649 3496; x_wconf 83' lang='lat' dir='ltr'><strong>tentarent,</strong></span> <span class='ocrx_word' id='word_1_284' title='bbox 662 3430 799 3503; x_wconf 85' lang='lat' dir='ltr'><strong>oppositos</strong></span> <span class='ocrx_word' id='word_1_285' title='bbox 811 3452 827 3486; x_wconf 83' lang='lat' dir='ltr'><strong>e</strong></span> <span class='ocrx_word' id='word_1_286' title='bbox 871 3451 939 3504; x_wconf 85' lang='lat' dir='ltr'><strong>que,</strong></span> <span class='ocrx_word' id='word_1_287' title='bbox 951 3433 1010 3486; x_wconf 91' lang='lat' dir='ltr'><strong>lino</strong></span> <span class='ocrx_word' id='word_1_288' title='bbox 1027 3432 1144 3487; x_wconf 81' lang='lat' dir='ltr'><strong>inimica.</strong></span> <span class='ocrx_word' id='word_1_289' title='bbox 1157 3435 1251 3488; x_wconf 80' lang='lat' dir='ltr'><strong>Hruu.</strong></span> 
     </span>
     <span class='ocr_line' id='line_1_34' title="bbox 314 3509 1367 3584; baseline -0.006 -16"><span class='ocrx_word' id='word_1_290' title='bbox 314 3527 407 3568; x_wconf 78' lang='lat' dir='ltr'><strong>nutum</strong></span> <span class='ocrx_word' id='word_1_291' title='bbox 420 3524 525 3566; x_wconf 87' lang='lat' dir='ltr'><strong>montes</strong></span> <span class='ocrx_word' id='word_1_292' title='bbox 537 3509 732 3565; x_wconf 78' lang='lat' dir='ltr'><strong>Mediterraneo</strong></span> <span class='ocrx_word' id='word_1_293' title='bbox 744 3514 827 3577; x_wconf 81' lang='lat' dir='ltr'><strong>meri,</strong></span> <span class='ocrx_word' id='word_1_294' title='bbox 914 3531 959 3567; x_wconf 77' lang='lat' dir='ltr'><strong>rs.</strong></span> <span class='ocrx_word' id='word_1_295' title='bbox 971 3513 1080 3581; x_wconf 66' lang='lat' dir='ltr'><strong>Regios·</strong></span> <span class='ocrx_word' id='word_1_296' title='bbox 1090 3513 1206 3567; x_wconf 71' lang='lat' dir='ltr'><strong>Allieno.</strong></span> <span class='ocrx_word' id='word_1_297' title='bbox 1216 3509 1367 3584; x_wconf 72' lang='lat' dir='ltr'><strong>Exqurliuis</strong></span> 
     </span>
     <span class='ocr_line' id='line_1_35' title="bbox 315 3590 1366 3665; baseline -0.004 -18"><span class='ocrx_word' id='word_1_298' title='bbox 315 3593 448 3665; x_wconf 71' lang='lat' dir='ltr'><strong>Alpesne</strong></span> <span class='ocrx_word' id='word_1_299' title='bbox 471 3591 636 3662; x_wconf 67' lang='lat' dir='ltr'><strong>Pyrenaeos:</strong></span> <span class='ocrx_word' id='word_1_300' title='bbox 665 3591 698 3642; x_wconf 85' lang='lat' dir='ltr'><strong>rb</strong></span> <span class='ocrx_word' id='word_1_301' title='bbox 725 3590 828 3645; x_wconf 79' lang='lat' dir='ltr'><strong>Oceani</strong></span> <span class='ocrx_word' id='word_1_302' title='bbox 869 3611 969 3652; x_wconf 88' lang='lat' dir='ltr'><strong>nomen</strong></span> <span class='ocrx_word' id='word_1_303' title='bbox 980 3592 1223 3664; x_wconf 76' lang='lat' dir='ltr'><strong>Alliruis:quibus</strong></span> <span class='ocrx_word' id='word_1_304' title='bbox 1232 3593 1366 3664; x_wconf 81' lang='lat' dir='ltr'><strong>postlleto·</strong></span> 
     </span>
     <span class='ocr_line' id='line_1_36' title="bbox 315 3668 1366 3743; baseline -0.006 -17"><span class='ocrx_word' id='word_1_305' title='bbox 315 3692 379 3726; x_wconf 83' lang='lat' dir='ltr'><strong>vero</strong></span> <span class='ocrx_word' id='word_1_306' title='bbox 392 3684 467 3743; x_wconf 83' lang='lat' dir='ltr'><strong>porte</strong></span> <span class='ocrx_word' id='word_1_307' title='bbox 483 3671 570 3742; x_wconf 87' lang='lat' dir='ltr'><strong>ipsum</strong></span> <span class='ocrx_word' id='word_1_308' title='bbox 585 3671 678 3734; x_wconf 75' lang='lat' dir='ltr'><strong>inane,</strong></span> <span class='ocrx_word' id='word_1_309' title='bbox 697 3669 826 3740; x_wconf 81' lang='lat' dir='ltr'><strong>spatium·</strong></span> <span class='ocrx_word' id='word_1_310' title='bbox 869 3672 931 3727; x_wconf 75' lang='lat' dir='ltr'><strong>rins</strong></span> <span class='ocrx_word' id='word_1_311' title='bbox 941 3685 1006 3724; x_wconf 86' lang='lat' dir='ltr'><strong>mox</strong></span> <span class='ocrx_word' id='word_1_312' title='bbox 1018 3672 1106 3742; x_wconf 70' lang='lat' dir='ltr'><strong>pulmo</strong></span> <span class='ocrx_word' id='word_1_313' title='bbox 1119 3669 1250 3726; x_wconf 81' lang='lat' dir='ltr'><strong>delectur.</strong></span> <span class='ocrx_word' id='word_1_314' title='bbox 1261 3671 1331 3725; x_wconf 83' lang='lat' dir='ltr'><strong>Prius</strong></span> <span class='ocrx_word' id='word_1_315' title='bbox 1337 3668 1366 3720; x_wconf 81' lang='lat' dir='ltr'><strong>le·</strong></span> 
     </span>
     <span class='ocr_line' id='line_1_37' title="bbox 313 3748 1364 3825; baseline -0.004 -19"><span class='ocrx_word' id='word_1_316' title='bbox 313 3771 367 3825; x_wconf 82' lang='lat' dir='ltr'><strong>que</strong></span> <span class='ocrx_word' id='word_1_317' title='bbox 378 3750 448 3806; x_wconf 88' lang='lat' dir='ltr'><strong>illud</strong></span> <span class='ocrx_word' id='word_1_318' title='bbox 460 3751 573 3822; x_wconf 72' lang='lat' dir='ltr'><strong>equoris</strong></span> <span class='ocrx_word' id='word_1_319' title='bbox 583 3763 610 3806; x_wconf 81' lang='lat' dir='ltr'><strong>et</strong></span> <span class='ocrx_word' id='word_1_320' title='bbox 622 3749 689 3804; x_wconf 81' lang='lat' dir='ltr'><strong>aeris</strong></span> <span class='ocrx_word' id='word_1_321' title='bbox 698 3748 827 3804; x_wconf 82' lang='lat' dir='ltr'><strong>immense</strong></span> <span class='ocrx_word' id='word_1_322' title='bbox 870 3751 982 3822; x_wconf 74' lang='lat' dir='ltr'><strong>gebatur</strong></span> <span class='ocrx_word' id='word_1_323' title='bbox 995 3757 1088 3804; x_wconf 76' lang='lat' dir='ltr'><strong>rarione</strong></span> <span class='ocrx_word' id='word_1_324' title='bbox 1101 3751 1162 3804; x_wconf 64' lang='lat' dir='ltr'><strong>alm.</strong></span> <span class='ocrx_word' id='word_1_325' title='bbox 1176 3753 1210 3806; x_wconf 89' lang='lat' dir='ltr'><strong>lu</strong></span> <span class='ocrx_word' id='word_1_326' title='bbox 1222 3753 1287 3823; x_wconf 68' lang='lat' dir='ltr'><strong>Reg.</strong></span> <span class='ocrx_word' id='word_1_327' title='bbox 1301 3767 1328 3810; x_wconf 81' lang='lat' dir='ltr'><strong>r.</strong></span> <span class='ocrx_word' id='word_1_328' title='bbox 1339 3767 1364 3809; x_wconf 72' lang='grc' dir='ltr'><strong>ι,</strong></span> 
     </span>
     <span class='ocr_line' id='line_1_38' title="bbox 313 3829 1365 3902; baseline -0.001 -16"><span class='ocrx_word' id='word_1_329' title='bbox 313 3834 418 3896; x_wconf 82' lang='lat' dir='ltr'><strong>lusum,</strong></span> <span class='ocrx_word' id='word_1_330' title='bbox 436 3831 464 3882; x_wconf 92' lang='lat' dir='ltr'><strong>iu</strong></span> <span class='ocrx_word' id='word_1_331' title='bbox 484 3849 541 3902; x_wconf 88' lang='lat' dir='ltr'><strong>quo</strong></span> <span class='ocrx_word' id='word_1_332' title='bbox 560 3829 665 3882; x_wconf 88' lang='lat' dir='ltr'><strong>nullum</strong></span> <span class='ocrx_word' id='word_1_333' title='bbox 685 3847 826 3883; x_wconf 86' lang='lat' dir='ltr'><strong>occurrere</strong></span> <span class='ocrx_word' id='word_1_334' title='bbox 869 3834 963 3883; x_wconf 77' lang='lat' dir='ltr'><strong>rariore</strong></span> <span class='ocrx_word' id='word_1_335' title='bbox 975 3831 1065 3883; x_wconf 74' lang='lat' dir='ltr'><strong>alienu</strong></span> <span class='ocrx_word' id='word_1_336' title='bbox 1081 3833 1114 3884; x_wconf 88' lang='lat' dir='ltr'><strong>lu</strong></span> <span class='ocrx_word' id='word_1_337' title='bbox 1133 3831 1214 3885; x_wconf 80' lang='lat' dir='ltr'><strong>colb.</strong></span> <span class='ocrx_word' id='word_1_338' title='bbox 1237 3852 1268 3896; x_wconf 77' lang='lat' dir='ltr'><strong>s,</strong></span> <span class='ocrx_word' id='word_1_339' title='bbox 1286 3832 1365 3898; x_wconf 59' lang='grc' dir='ltr'><strong>παρ’*</strong></span> 
     </span>
     <span class='ocr_line' id='line_1_39' title="bbox 313 3909 1363 3981; baseline -0.001 -15"><span class='ocrx_word' id='word_1_340' title='bbox 313 3909 431 3966; x_wconf 87' lang='lat' dir='ltr'><strong>creditur</strong></span> <span class='ocrx_word' id='word_1_341' title='bbox 443 3911 519 3962; x_wconf 86' lang='lat' dir='ltr'><strong>littus</strong></span> <span class='ocrx_word' id='word_1_342' title='bbox 529 3909 682 3972; x_wconf 80' lang='lat' dir='ltr'><strong>adversum,</strong></span> <span class='ocrx_word' id='word_1_343' title='bbox 696 3927 751 3980; x_wconf 92' lang='lat' dir='ltr'><strong>quo</strong></span> <span class='ocrx_word' id='word_1_344' title='bbox 762 3929 825 3981; x_wconf 87' lang='lat' dir='ltr'><strong>pos·</strong></span> <span class='ocrx_word' id='word_1_345' title='bbox 868 3910 958 3964; x_wconf 66' lang='lat' dir='ltr'><strong>dison.</strong></span> <span class='ocrx_word' id='word_1_346' title='bbox 981 3910 1073 3967; x_wconf 76' lang='lat' dir='ltr'><strong>lirun.</strong></span> <span class='ocrx_word' id='word_1_347' title='bbox 1089 3942 1129 3953; x_wconf 94' lang='lat'><em>-</em></span> <span class='ocrx_word' id='word_1_348' title='bbox 1143 3911 1295 3973; x_wconf 56' lang='lat' dir='ltr'><strong>Broterium</strong></span> <span class='ocrx_word' id='word_1_349' title='bbox 1315 3917 1363 3978; x_wconf 83' lang='lat' dir='ltr'><strong>post</strong></span> 
     </span>
     <span class='ocr_line' id='line_1_40' title="bbox 313 3985 1363 4062; baseline -0.004 -18"><span class='ocrx_word' id='word_1_350' title='bbox 313 3994 346 4048; x_wconf 83' lang='lat' dir='ltr'><strong>rit</strong></span> <span class='ocrx_word' id='word_1_351' title='bbox 362 3990 468 4062; x_wconf 71' lang='lat' dir='ltr'><strong>appelli.</strong></span> <span class='ocrx_word' id='word_1_352' title='bbox 481 3989 572 4042; x_wconf 80' lang='lat' dir='ltr'><strong>lirun.</strong></span> <span class='ocrx_word' id='word_1_353' title='bbox 869 3991 1062 4055; x_wconf 78' lang='lat' dir='ltr'><strong>Rezronicum,</strong></span> <span class='ocrx_word' id='word_1_354' title='bbox 1075 3994 1173 4059; x_wconf 72' lang='lat' dir='ltr'><strong>regione</strong></span> <span class='ocrx_word' id='word_1_355' title='bbox 1184 3992 1287 4044; x_wconf 70' lang='lat' dir='ltr'><strong>Alione</strong></span> <span class='ocrx_word' id='word_1_356' title='bbox 1296 3985 1363 4056; x_wconf 68' lang='lat' dir='ltr'><strong>negiu</strong></span> 
     </span>
     <span class='ocr_line' id='line_1_41' title="bbox 353 4067 1362 4142; baseline 0 -18"><span class='ocrx_word' id='word_1_357' title='bbox 353 4091 380 4142; x_wconf 88' lang='lat'><strong>7.</strong></span> <span class='ocrx_word' id='word_1_358' title='bbox 393 4071 450 4124; x_wconf 87' lang='lat' dir='ltr'><strong>Non</strong></span> <span class='ocrx_word' id='word_1_359' title='bbox 460 4082 496 4122; x_wconf 83' lang='lat' dir='ltr'><strong>est</strong></span> <span class='ocrx_word' id='word_1_360' title='bbox 508 4072 576 4122; x_wconf 65' lang='lat' dir='ltr'><strong>sutri.</strong></span> <span class='ocrx_word' id='word_1_361' title='bbox 589 4067 646 4121; x_wconf 87' lang='lat' dir='ltr'><strong>Nisi</strong></span> <span class='ocrx_word' id='word_1_362' title='bbox 658 4082 684 4122; x_wconf 85' lang='lat' dir='ltr'><strong>et</strong></span> <span class='ocrx_word' id='word_1_363' title='bbox 698 4069 765 4122; x_wconf 79' lang='lat' dir='ltr'><strong>meri</strong></span> <span class='ocrx_word' id='word_1_364' title='bbox 776 4087 824 4122; x_wconf 79' lang='lat' dir='ltr'><strong>nu·</strong></span> <span class='ocrx_word' id='word_1_365' title='bbox 868 4070 974 4135; x_wconf 70' lang='lat' dir='ltr'><strong>Alione,</strong></span> <span class='ocrx_word' id='word_1_366' title='bbox 986 4071 1064 4140; x_wconf 73' lang='lat' dir='ltr'><strong>juxt·</strong></span> <span class='ocrx_word' id='word_1_367' title='bbox 1077 4069 1244 4126; x_wconf 77' lang='lat' dir='ltr'><strong>Bemmduu</strong></span> <span class='ocrx_word' id='word_1_368' title='bbox 1258 4071 1362 4125; x_wconf 65' lang='lat' dir='ltr'><strong>Saoews</strong></span> 
     </span>
    </p>
   </div>
   <div class='ocr_carea' id='block_1_4' title="bbox 0 0 1468 5009">
    <p class='ocr_par' dir='ltr' id='par_1_4' title="bbox 0 0 1468 5009">
     <span class='ocr_line' id='line_1_42' title="bbox 0 0 1468 5009; baseline 0 2"><span class='ocrx_word' id='word_1_369' title='bbox 0 0 1468 5009; x_wconf 95' lang='lat' dir='ltr'><strong> </strong></span> 
     </span>
    </p>
   </div>
  </div>
 </body>
</html>
