2925 5009
297 457 348 552 98
562 456 601 525 C.
629 452 802 524 PLlNll
829 455 862 524 ll
873 457 943 524 AT.
971 453 1102 524 HIST.

297 586 517 660 omittendum
538 585 698 658 videtur:
724 610 870 682 namque
895 613 915 657 e
940 588 1021 658 buxi
1044 587 1248 658 tenuissimis
1264 587 1385 682 quinis

298 697 427 766 senisve
444 692 605 788 colligatis
621 693 754 787 depacti
774 696 987 788 proveniunt
1005 692 1186 783 Quondam
1203 694 1239 760 in
1256 693 1382 765 obser·

300 804 433 870 vatione
450 815 540 886 erat,
562 813 600 870 ut
615 799 888 893 defringerentur
908 825 948 870 ex
970 802 1133 892 imputata
1149 800 1264 886 buxo,
1277 799 1386 870 aliter

299 907 413 976 vivere
434 931 502 976 non
521 905 658 978 crediti:
675 905 850 976 detraxere
868 906 936 977 hoc
954 907 1191 1001 experimenta.

253 1033 282 1068 ¹0
354 1013 528 1084 Seminarii
539 1035 653 1082 curam
670 1014 820 1106 sequitur
834 1013 1009 1082 vinearum
1019 1014 1120 1106 ratio.
1135 1013 1299 1106 Quinque
1317 1036 1385 1106 ge·

302 1143 419 1189 nerum
435 1119 510 1188 hae:
536 1103 688 1212 sparsis⁵¹
707 1143 768 1213 per
787 1131 911 1188 terram
929 1117 1139 1213 palmitibus,
1155 1132 1214 1187 aut
1229 1104 1328 1212 per⁵²
1349 1143 1389 1187 se

301 1227 369 1296 vite
382 1225 555 1306 subrecta,
568 1222 621 1294 vel
637 1249 715 1293 cum
731 1223 933 1294 adminiculo
940 1209 965 1250 ⁵³
977 1226 1048 1294 sinc
1061 1225 1163 1319 jugo,
1176 1238 1235 1293 aut
1247 1223 1389 1318 pedatae

304 1331 444 1425 simplici
459 1315 584 1424 jugo⁵⁶,
594 1343 652 1398 aut
662 1329 897 1424 compluviatae
913 1329 1132 1426 quadruplici.
1146 1331 1233 1418 Quae
1248 1329 1390 1424 pedatae

299 1439 389 1508 ratio
411 1438 491 1521 erit,
515 1434 630 1505 cadem
656 1435 851 1531 intelligitur
877 1437 949 1529 ejus
979 1461 1131 1531 quoque,
1150 1438 1186 1504 in
1210 1459 1280 1529 qua
1312 1438 1391 1506 sine

304 1541 508 1614 adminiculo
527 1542 602 1611 vitis
621 1562 683 1637 per
700 1567 737 1612 se
754 1543 867 1612 stabit.
891 1543 931 1612 ld
950 1545 1038 1612 enim
1062 1567 1132 1612 non
1148 1541 1205 1628 fit,
1230 1541 1301 1611 nisi
1324 1567 1385 1637 pe·

304 1649 452 1718 damenti
481 1648 603 1742 inopia.
628 1645 778 1741 Simplici
798 1648 882 1742 jugo
906 1663 1039 1717 constat
1057 1662 1215 1743 porrecto
1241 1647 1406 1735 ordine,-

305 1779 405 1850 quem
417 1739 628 1830 canterium⁵⁵
643 1753 822 1848 appellant.
837 1753 959 1824 Melior
970 1778 1011 1823 ea
1024 1739 1147 1837 uino⁵⁶,
1165 1753 1307 1848 quando
1323 1755 1390 1824 sibi

306 1864 375 1955 ipsa
387 1884 454 1929 non
468 1859 666 1943 obumbrat,
685 1859 884 1954 assiduoque
903 1858 971 1930 sole
988 1863 1165 1955 coquitur,
1178 1874 1214 1929 et
1228 1859 1390 1930 afflatum

306 1967 411 2060 magis
445 1965 562 2050 sentit,
589 1978 624 2034 ct
649 1963 788 2035 celerius
819 1991 930 2034 rorem
955 1965 1114 2036 dimittit:
1137 1967 1392 2062 pampinationi

179 2157 180 2160 Ἴ
257 2109 284 2143 ιι
307 2096 439 2166 quoque
455 2086 488 2140 et
506 2071 671 2142 occationi
689 2073 848 2165 omnique
861 2073 956 2167 operi
974 2071 1112 2142 facilior.
1131 2076 1242 2167 Super
1261 2086 1392 2142 caetera

307 2317 396 2390 quinis
406 2316 509 2369 senisse
517 2313 631 2368 surculis
641 2313 773 2387 colligatis
779 2313 825 2368 de-
868 2315 956 2370 vineis
967 2317 1036 2389 qnid
1045 2319 1093 2382 sit,
1107 2317 1224 2372 diximus
1235 2319 1288 2372 lib.
1302 2321 1393 2384 XVI,

309 2397 380 2468 pacti
389 2394 559 2468 proveniunt.
571 2419 582 2439 ·
594 2393 671 2446 Ruso
679 2391 824 2448 medullam
868 2413 929 2465 cap.
940 2397 987 2450 68.
1003 2398 1061 2450 Ubi
1069 2401 1163 2469 jugum
1176 2398 1292 2470 simplex
1303 2412 1394 2466 eust,

309 2494 364 2530 esse
381 2474 500 2538 nullsm,
514 2472 685 2526 observatum
700 2485 740 2526 est
753 2472 824 2526 libro
866 2476 957 2546 jugata
963 2475 1040 2530 vinos
1047 2475 1195 2542 dicebatur,
1201 2479 1288 2548 septe
1295 2481 1395 2534 emat.-

310 2574 369 2625 snp.
385 2571 443 2623 cap.
459 2571 507 2623 7²·
520 2553 612 2604 Hsan.
868 2554 960 2624 quales
977 2573 1016 2608 eas
1035 2569 1113 2621 sunt,
1131 2557 1230 2628 quibus
1243 2558 1394 2613 hortorum

351 2633 397 2688 ⁵1.
412 2629 518 2702 Sparsis.
536 2630 629 2699 Vigues
642 2628 825 2697 commende
869 2632 1396 2710 parietesrestiunturaubiqusdrnplex,

310 2712 408 2785 quibus
425 2711 479 2781 jam
491 2709 608 2780 egimus,
620 2709 638 2762 l.
658 2710 738 2772 XIV,
762 2727 786 2761 c.
800 2715 827 2773 4.
870 2712 1053 2782 compluvium
1067 2732 1075 2766 ε
1091 2733 1107 2766 s
1124 2715 1287 2786 compluviis
1312 2717 1395 2772 dnm

311 2795 352 2846 De
368 2791 411 2844 his
429 2787 570 2844 Columell.
592 2788 640 2840 lib.
656 2789 693 2854 V,
709 2807 771 2859 cap.
794 2795 827 2852 d:
871 2791 1047 2863 metaphora,
1060 2793 1113 2846 hoe
1126 2795 1345 2858 est,sbsrdinm
1352 2815 1395 2850 cs·

313 2870 433 2922 «Ultima
447 2879 486 2920 est
499 2864 618 2920 conditio
634 2879 776 2921 stratarum
791 2867 829 2920 ri·
872 2889 923 2934 vo,
942 2887 998 2940 quo
1016 2872 1117 2943 plurim
1136 2891 1213 2944 sque
1232 2875 1397 2941 confluunt,

314 2950 391 3012 tium,
400 2964 460 3019 quse
468 2946 502 3000 sb
509 2957 585 2999 enata
595 2946 678 3016 stirpe
687 2946 828 3000 confestim
873 2950 975 3002 inruet
986 2962 1072 3023 quatre
1078 2965 1171 3022 pestes.
1179 2952 1323 3019 Quadrato
1330 2973 1397 3028 qus·

313 3028 389 3084 velut
403 3027 528 3096 projectas
546 3043 596 3096 per
612 3024 726 3078 humum
739 3025 828 3098 porri·
872 3029 895 3082 si
922 3029 1157 3086 circumlirmstsm
1180 3033 1289 3103 agmine
1314 3049 1396 3088 voest

315 3119 423 3181 guntur,
435 3129 446 3151 s
465 3101 555 3156 lisso.
874 3106 1016 3162 Columell.
1032 3110 1079 3164 lib.
1091 3113 1142 3178 IV,
1158 3129 1219 3183 esp.
1237 3113 1396 3182 17.11nn.

358 3187 404 3240 52.
418 3185 474 3238 Aat
484 3203 529 3254 par
545 3201 578 3234 sa.
599 3172 777 3253 ὁρθᾶμπιλος,
795 3181 830 3236 de
873 3217 915 3228 —
932 3187 993 3240 cm
1010 3189 1156 3243 adminiculo
1175 3194 1227 3244 sisse
1240 3195 1324 3262 jugo.
1344 3207 1396 3246 etc

316 3265 430 3340 qualib.
446 3263 528 3328 XIV,
543 3279 604 3330 esp.
614 3261 658 3316 cit.
673 3287 685 3310 ι
694 3262 779 3316 Velut
791 3280 832 3315 sr-
875 3263 1081 3322 Adminiculnm
1095 3269 1154 3322 sine
1168 3272 1251 3342 ingo,
1264 3271 1396 3328 teman.

316 3344 434 3400 bnsculm
440 3341 601 3395 breviorure
613 3357 662 3410 per
669 3352 827 3408 arsames,-
875 3345 995 3416 Simplex
1003 3349 1147 3419 jngnm,la
1152 3351 1240 3420 peruls
1248 3369 1281 3402 ess
1292 3363 1395 3419 trove-s.

318 3423 407 3498 inquit
416 3420 579 3475 Colum.lib.
589 3420 626 3472 V.
639 3437 697 3491 cap.
714 3425 742 3484 4.
755 3420 833 3474 Η.-
874 3423 1166 3498 Qnadmplexjnqnm,
1182 3442 1268 3500 prestre
1279 3433 1398 3502 nsque

319 3506 379 3558 Vae
390 3501 507 3554 subrecta.
522 3499 603 3570 Vigas
614 3497 681 3553 larse
687 3539 696 3564 ,
708 3517 757 3552 nou
764 3500 833 3553 debs·
872 3505 971 3575 perches
983 3523 1014 3557 aa
1024 3508 1203 3561 tramuTsles
1214 3508 1284 3564 vites
1293 3511 1357 3565 vidi
1367 3512 1395 3566 iss

320 3581 461 3636 tassello.
878 3583 1030 3638 Germanias
1045 3598 1073 3640 et
1086 3587 1168 3642 ltaliss
1181 3587 1291 3644 linibus.
1306 3591 1364 3644 En.

362 3661 409 3716 ⁵3.
432 3658 480 3712 Vel
497 3677 550 3712 cum
573 3657 728 3712 adminiculo.
752 3657 836 3729 Vagae
920 3661 1398 3734 recommemorata

320 3739 466 3798 ὁσὴαὶωώ,
483 3741 577 3811 ntjsm
589 3737 711 3808 superius
718 3735 836 3791 diximus
877 3752 917 3794 tss
930 3743 997 3796 vites
1012 3744 1120 3798 Colum.
1131 3747 1184 3800 loc.
1197 3744 1243 3801 cit.
1254 3745 1357 3802 flu».

321 3821 373 3876 loo.
386 3815 535 3872 niellam.
922 3820 969 3875 56.
983 3821 1075 3878 Matar
1089 3843 1120 3876 sa
1134 3829 1214 3890 vino,
1233 3828 1334 3898 ςωώ
1350 3827 1398 3880 sids‘

344 3938 347 3944 ,
364 3899 412 3962 54.
433 3896 542 3967 Simplici·
549 3897 619 3965 jugo.
639 3895 706 3961 Qasr
717 3893 836 3966 pedami-
881 3901 934 3970 ipsa
943 3919 992 3953 san
1002 3902 1197 3970 absumar.
1204 3904 1271 3960 fles
1280 3905 1395 3962 totidem

323 3978 404 4032 nibus
427 3973 542 4039 adnisa,
564 3973 653 4046 inquit
670 3971 837 4041 Columella,
882 3977 938 4032 fere
953 3980 1043 4035 verbis
1063 3983 1227 4050 Columella,
1244 3985 1293 4042 lib.
1307 3987 1394 4048 xvi.

323 4057 375 4110 loc.
389 4055 435 4108 cit.
448 4055 513 4124 jugo
524 4051 680 4125 imponitur.
694 4053 797 4124 lugam
808 4055 837 4109 in
883 4077 940 4129 esp.
958 4076 999 4127 ¹9·
1011 4057 1102 4117 llssn.
