2925 5009
442 458 605 528 Linnn
631 457 763 526 xvn.
1090 457 1140 550 ις)

35 589 37 636 ἶ
95 584 215 655 biennio
228 587 311 656 Sunt
325 601 361 656 et
375 588 619 684 propagines¹⁰,
633 587 713 656 nulli
728 585 861 682 quidem
878 584 1051 656 faciliores.
1069 586 1141 656 Nu-

95 689 156 758 datc
181 693 264 760 enim
289 693 419 772 radice,
452 709 523 764 tota
551 698 584 764 iu
607 693 699 764 sulco
720 694 950 788 prosternitur.
981 695 1068 760 Turn
1098 718 1139 762 ex

35 823 36 830 ¹
94 801 243 866 cacumine
262 823 364 892 supra
390 813 513 870 terram
535 800 650 870 relicto
670 801 864 885 renascitur,
885 813 919 868 et
942 797 1005 868 alia
1028 799 1071 867 ab
1092 823 1142 868 ra·

35 901 37 916 '
94 901 163 972 dice.
190 903 250 972 Sed
281 903 473 974 translata¹¹
509 908 614 976 nescit
650 906 831 1001 hospitari,
857 919 1022 1000 pavetque
1048 907 1142 974 nori·

94 1021 187 1077 tatem.
203 1010 344 1080 Biennio
362 1010 433 1080 fere
454 1027 568 1107 postea
583 1009 722 1108 prosilit.
747 1010 828 1080 ldeo
853 1011 992 1080 nucibus
1012 1011 1140 1105 potius,

35 1203 37 1220 ἱ
94 1137 175 1207 quam
196 1115 429 1186 viviradicibus
438 1117 627 1212 ,plantaria
649 1116 764 1188 caedua
785 1115 974 1210 implentur.
1002 1114 1142 1185 Cultura

95 1218 230 1303 nonalia,
239 1237 341 1316 quarn
352 1221 591 1316 supradictis¹²,
607 1221 770 1293 fodiendis
784 1221 1068 1317 supputandisque
1082 1247 1143 1316 per

95 1323 240 1394 biennium
257 1353 418 1422 sequens.
410 1328 477 1398 d.e
490 1345 609 1400 caetero
624 1331 694 1459 ipsa
707 1351 743 1397 se
756 1327 853 1413 colit,
862 1327 980 1398 umbra
995 1325 1142 1396 stolones

95 1455 297 1524 supervacuos
316 1449 487 1504 enecante.
508 1421 684 1506 Caeditur¹³
703 1436 792 1504 iutra
812 1435 990 1528 septimum
1006 1456 1141 1500 annurn.

96 1526 282 1607 Sufficiunt¹⁴
324 1540 563 1669 pedamento
551 1543 660 1636 jugeri
687 1543 787 1610 unius
818 1539 943 1608 vicenis
970 1539 1142 1607 vinearum

93 1641 256 1736 jugeribus,
271 1632 443 1738 quando¹⁵
465 1647 564 1716 etiarn
582 1671 621 1716 ea
641 1645 743 1716 bifida
763 1649 867 1740 stirpe
883 1644 988 1713 fiunt:
1001 1643 1144 1713 durant·

96 1748 382 1840 queultraalteram
399 1750 488 1820 silvae
501 1777 568 1822 suae
583 1776 752 1822 caesuram
763 1747 1145 1880 Esculussimiliterpro-
1162 1762 1180 1815 3

96 1856 186 1940 venit,
203 1879 328 1926 caesura
348 1857 491 1926 triennio
512 1857 639 1944 senior,
662 1861 772 1927 minus
798 1854 947 1926 morosa¹
950 1840 1082 1925 ⁶nasci.
1104 1859 1146 1924 lo

131 2053 167 2087 ro.
180 2034 240 2088 Sunt
255 2049 281 2089 et
292 2040 448 2108 propagines.
462 2037 589 2106 Propsgi·
632 2037 680 2090 lib.
703 2037 755 2100 IV,
775 2055 834 2107 erp.
850 2035 926 2089 ι3τι
936 2034 1024 2088 Toleto
1037 2033 1147 2106 propius

99 2129 141 2177 ne,
158 2114 254 2187 iuquit,
269 2115 375 2170 facilior
395 2134 474 2188 qnam
488 2128 591 2170 reterre
633 2118 743 2188 stirpem
756 2116 847 2169 reciso
858 2112 1021 2185 qnedriiides
1030 2114 1147 2183 plerum·

99 2192 196 2256 trhonus,
206 2207 331 2256 castanea
347 2196 517 2266 proveniunt.
527 2194 590 2248 Hoc
633 2213 700 2268 que:
712 2213 743 2248 es
755 2193 852 2248 deinde
862 2191 985 2248 oecnndn
995 2191 1070 2246 talen
1079 2194 1147 2263 ejus·

100 2271 164 2325 etism
171 2273 307 2328 Columell-
318 2275 371 2328 loc.
382 2275 426 2327 cit.
435 2293 464 2346 p.
482 2274 547 2329 165.
556 2273 590 2328 ll.
634 2275 694 2330 dem
708 2275 811 2328 arboris
822 2271 918 2326 bilidm
929 2271 1028 2326 ridicas
1043 2271 1147 2324 submi-

136 2351 589 2406 rr.Sedrmoslore.Colurn.loc.cit.
633 2354 765 2408 nistrent:
777 2351 851 2424 quod
864 2371 948 2424 genus
960 2351 1046 2404 fissilis
1063 2349 1148 2404 odori·

103 2429 199 2484 rllelins
212 2433 313 2503 pertice
327 2429 430 2504 (mergi
439 2421 528 2500 more)
543 2431 591 2486 do·
634 2433 717 2488 nicoli
731 2444 820 2504 mpnet
839 2430 957 2495 diutius,
979 2449 1060 2502 quern
1078 2442 1148 2483 teres

102 2509 180 2562 simo
195 2524 351 2584 propagata,
368 2530 447 2583 quam
472 2523 592 2583 exempta
634 2513 718 2585 palus.
731 2538 742 2560 ι
761 2512 853 2564 lino.

102 2587 225 2643 meritur:
235 2591 292 2644 hee
310 2590 382 2644 enim
395 2591 470 2644 relut
481 2592 592 2646 immota
679 2595 723 2646 16.
737 2591 820 2650 Mnus
831 2609 933 2644 morose.
945 2588 1080 2643 sincerior
1090 2589 1150 2641 hee

103 2685 141 2719 nn
150 2667 205 2722 rede
216 2671 388 2724 veliementer
402 2670 541 2740 germinet.
558 2673 593 2724 At
636 2669 776 2726 vimlectio
784 2668 907 2723 estcodd.
915 2670 981 2740 neg.
991 2686 1018 2733 ι,
1031 2688 1057 2732 ι,
1068 2667 1148 2721 Colb.

103 2763 150 2815 que
161 2747 280 2804 radicitus
293 2761 414 2820 exempto
432 2763 459 2803 et
472 2748 593 2821 deposita
641 2770 671 2815 1,
688 2769 717 2814 ι,
731 2748 839 2816 3,Ριι.
854 2761 882 2802 et
891 2759 944 2802 vet.
962 2747 1052 2801 Delec.
1065 2763 1149 2818 quarn

104 2836 147 2892 est,
163 2827 264 2882 limonio
283 2828 450 2883 reformidet.
481 2829 595 2900 Propter
635 2830 768 2884 librorum
780 2825 1050 2882 hectenneeditoronr
1058 2828 1151 2890 primis

104 2903 163 2974 quod
188 2921 350 2980 compertum
369 2921 409 2962 est
428 2906 595 2962 commodius
638 2905 1150 2970 morosa.Sententieeoimest,escnlum

105 2986 303 3059 nucibus,qnem
324 2985 514 3041 viviradicibus
525 2989 594 3058 ejus·
637 3007 692 3048 nom
716 2988 757 3041 nti
777 2999 938 3053 wionem,
959 3003 1081 3040 recusere
1094 2984 1149 3056 gle-

106 3061 248 3120 nodisilras
259 3066 398 3120 institui.»
410 3068 501 3121 Ilien.
637 3084 727 3131 reem,
745 3067 897 3131 rubrioern,
912 3077 1026 3126 cretam
1041 3062 1103 3128 sed,
1119 3075 1150 3116 ιιι

141 3163 181 3196 ιι.
196 3145 302 3198 auum.
313 3183 333 3201 ..
352 3165 424 3216 quem
441 3145 593 3217 supmdictis.
638 3145 951 3218 proximesuliiungitur,
965 3149 991 3196 in
1007 3162 1152 3215 quecumque

107 3218 207 3276 Seliciet
228 3223 411 3279 arundinibus.
430 3225 595 3287 Columella,
640 3229 770 3278 terrereri·
782 3225 898 3292 Plinius,
910 3225 1025 3288 LXVI,
1037 3220 1153 3276 ciiode

107 3299 175 3352 loc'
156 3315 196 3356 cit.
208 3305 314 3358 Cultus
322 3303 441 3374 ejusdem
454 3305 596 3358 cstiossio·
640 3323 783 3376 cupresso,
794 3315 974 3358 aerumnose.
985 3303 1047 3356 Post
1060 3301 1151 3374 poulo,

107 3379 347 3472 nispositiooisqne,
363 3403 411 3455 qur
422 3401 523 3438 vineo
534 3402 597 3475 sup·
641 3385 688 3437 ubi
702 3402 778 3456 prius
790 3385 943 3455 legebatur
957 3383 1085 3452 laeuaque
1099 3399 1151 3432 rne-

109 3460 348 3526 pnuridelretbime
355 3465 439 3535 ,quin
456 3463 534 3518 etiarn
549 3462 598 3516 tri·
641 3466 833 3532 sinesnrrieer,
847 3483 897 3517 nos
909 3481 1041 3533 earumque
1057 3460 1152 3514 neeri·

110 3554 156 3598 ιιι.
168 3553 234 3594 etc.»
249 3543 340 3598 Ηιιιι.
642 3541 1000 3615 ριίιιιιιῌιιιιιφιοιιιιιιιιιιιι
1014 3539 1152 3595 edmonitn

145 3617 184 3671 13.
197 3621 308 3677 cantur.
325 3621 468 3676 Columell.
489 3623 541 3676 loc.
553 3621 598 3675 cit.
642 3621 814 3688 codicum,'
805 3641 865 3694 ipso
886 3623 977 3676 Doleo.
998 3629 1152 3683 attententes,

113 3696 465 3773 ·Postquinquenniurueaeee
478 3719 599 3756 morest-
643 3714 699 3755 tum
723 3703 760 3756 ita
787 3701 938 3773 postulante
954 3699 1078 3772 inprimis
1100 3698 1153 3751 loci

111 3773 156 3826 licii
168 3793 318 3834 recreatur.·
338 3782 428 3834 Henn.
642 3781 714 3836 illius
725 3781 863 3838 sententie.
874 3781 923 3833 Est
935 3779 1006 3832 enim
1022 3777 1051 3831 id
1062 3779 1097 3831 als
1106 3795 1152 3830 eu·

148 3857 476 3928 14.Serj]iciunt.Colurnell.
489 3860 534 3914 lib.
546 3862 597 3923 1v,
643 3873 716 3914 ctore
727 3880 761 3913 eo
769 3859 931 3914 loeiidciroo
939 3857 1071 3923 additum,
1079 3853 1153 3929 qood

113 3949 131 3983 r.
145 3934 185 3992 30.
199 3937 311 3994 laudetur
326 3959 341 3992 a
356 3939 434 3994 nobis
447 3959 470 3993 c.
488 3941 534 3992 32.
545 3941 578 3993 H.
644 3941 748 4009 prolixe
756 3941 943 4011 subsequatur:
958 3939 1078 3992 ιΡιιιιει
1088 3937 1155 3998 hnc,

149 4015 186 4066 ¹5·
207 4017 304 4084 Quando
319 4023 399 4072 etiam.
420 4019 502 4071 Paulo
522 4020 600 4072 nliter
645 4017 1023 4091 runreoquusdiximm.·
1035 4017 1158 4088 Denique
1247 4013 1251 4021 ’

116 4091 201 4145 Atticus
210 4095 304 4164 Julius,
321 4097 393 4171 apud
407 4097 600 4164 Columellam,
644 4117 702 4172 cop.
716 4117 754 4170 sq.
770 4117 829 4170 qun
843 4120 902 4172 cap.
911 4099 953 4173 ‚35
969 4111 1023 4161 est,
1034 4098 1071 4152 sic
1080 4095 1157 4150 MSS.
