2925 5009
336 433 405 504 ιι16
607 437 645 503 C.
672 435 836 505 PLlNll
860 435 969 504 NAT.
995 435 1125 503 HlST.

334 591 434 661 quam
451 580 572 636 vocant
582 580 757 636 castratam
764 553 789 651 ⁸,
802 591 822 636 e
835 560 960 638 modio⁹
968 566 1077 636 redire
1088 566 1250 636 sextarios
1259 581 1389 660 quatuor

335 671 515 767 siliginis¹⁰,
530 670 615 742 vele
634 672 759 766 gregali
775 675 845 742 sine
859 687 1043 743 castratura
1060 673 1221 741 sextarios
1235 675 1386 767 quinque,

334 793 494 872 preterea
507 779 598 848 floris
613 777 796 848 semodium
813 803 821 848 ι
839 794 875 848 et
885 776 1046 875 cibariif‘,
1061 777 1151 872 quod
1167 777 1385 847 secundarium

332 898 471 970 vocant,
493 885 651 953 sextarios
671 898 834 977 quatuor:
858 884 995 954 furfuris
1023 885 1184 953 sextarios
1199 883 1385 952 ·totidem.E

333 989 451 1059 Pisana
465 1003 576 1059 autem
594 987 729 1084 siliginis
752 991 911 1061 sextarios
931 991 1102 1084 quinque:
1131 987 1285 1060 catera¹²
1303 991 1385 1084 paria

297 1101 314 1156 3
332 1109 418 1164 sunt.
433 1092 589 1181 Clusina,
602 1095 803 1190 Aretinaque
822 1097 1005 1165 etiamnum
1020 1095 1180 1166 sextarios
1197 1093 1329 1224 siliffinis
1341 1119 1384 1164 as·

331 1215 469 1269 sumunt
477 1185 523 1270 ¹³:
551 1201 585 1268 in
607 1198 741 1294 reliquis
763 1188 898 1295 pares¹⁴.
918 1203 953 1270 si
974 1223 1055 1270 vero
1072 1198 1251 1294 pollinem¹
1288 1200 1384 1269 ficere

330 1303 450 1394 libeat,
475 1327 539 1374 ιιι
562 1304 676 1398 pondo
701 1306 798 1400 panis
821 1306 980 1394 redeunt,
1005 1321 1040 1374 et
1061 1291 1209 1374 cibarii¹⁶
1226 1307 1307 1393 tria,
1327 1305 1384 1373 fur-

330 1409 509 1504 forumque
527 1409 701 1480 semodius.
727 1410 829 1490 Mola·
845 1412 1035 1482 discrimine
1055 1411 1122 1481 hoe
1143 1425 1284 1480 ooustat.
1307 1414 1383 1480 Nam

329 1539 402 1610 quae
420 1517 506 1584 sicea
520 1514 701 1599 moluntur,
717 1515 792 1610 plus
810 1517 924 1587 farinae
941 1517 1107 1586 reddunt:
1123 1539 1199 1610 quae
1215 1515 1297 1585 salsa
1308 1539 1382 1610 aqua

328 1625 458 1714 sparse,
480 1620 702 1690 candidiorem
726 1621 935 1692 medullam¹⁷
954 1647 962 1690 ε
982 1647 1098 1690 verum
1116 1620 1192 1716 plus
1204 1623 1341 1691 retinent
1355 1624 1381 1688 iu

328 1725 467 1795 ἱιπῖιιιε.
491 1713 643 1794 Farinam
658 1751 677 1796 a
698 1726 785 1796 farre
799 1728 923 1798 dietam
939 1729 1072 1796 nomine
1091 1728 1164 1820 ipso
1183 1742 1327 1821 apparet
1340 1729 1382 1795 st·

328 1830 456 1926 ligineae
480 1830 593 1900 larium
612 1831 743 1901 modius
762 1820 920 1928 gallicae¹⁸
936 1857 1016 1903 xxrr
1040 1831 1140 1901 libras
1158 1835 1253 1926 panis
1271 1831 1381 1915 reddit,
1406 1871 1411 1876 ·

329 2071 407 2112 eretis
422 2058 555 2122 similem,
570 2056 687 2114 inditum
701 2059 840 2114 idnomen
884 2061 974 2132 gulos,
1006 2059 1080 2112 floris
1112 2057 1280 2122 semodium,
1301 2057 1380 2111 cumi

329 2136 455 2194 videturt
471 2149 518 2192 aut
526 2137 570 2192 cui
580 2149 650 2192 oreta
663 2139 752 2208 potius
762 2139 841 2194 Cam·
885 2140 1013 2193 sextarios
1027 2151 1157 2210 quatuor,
1180 2151 1230 2192 eto.
1243 2138 1277 2190 ll.

329 2235 399 2288 psus
420 2215 536 2272 admista
563 2229 615 2282 est,
639 2216 674 2270 ad
694 2218 842 2272 coneilisn·
930 2217 973 2271 13.
988 2215 1100 2286 Siliginis
1111 2229 1242 2270 must.
1259 2215 1380 2269 Missi·

329 2293 395 2348 duna
411 2296 484 2349 nlieas
502 2293 662 2362 candorem,
688 2310 718 2350 ut
737 2295 842 2351 dioetua
885 2297 1072 2362 nieutona,
1084 2297 1211 2366 odiam.
1224 2295 1381 2358 Clusimiu·

329 2391 389 2444 esp.
412 2374 565 2444 solinun-
886 2377 960 2446 quit,
986 2386 1013 2428 et
1028 2375 1138 2428 Aretias
1164 2375 1257 2429 farinae
1279 2371 1379 2426 reddunt

372 2455 399 2508 8.
414 2455 666 2508 Voosnteostrotsss·
681 2453 842 2526 Purgstam,
884 2473 940 2508 nou
964 2453 1092 2508 sextarios
1116 2453 1199 2508 modo
1216 2455 1380 2525 quinque,ut

329 2529 535 2604 diligentiusque
541 2545 671 2586 excretam
681 2533 771 2588 cribro
781 2535 841 2604 pol·
885 2533 999 2598 Pisana,
1020 2551 1114 2587 venam
1136 2534 1216 2586 etism
1241 2551 1322 2586 senos.
1345 2533 1379 2582 lle

330 2610 434 2666 linario.
455 2612 544 2664 Bluter
557 2611 583 2664 lo
596 2613 689 2679 sarim.
703 2613 740 2665 Η.
884 2612 996 2664 Clusino
1010 2613 1080 2664 iarre
1095 2611 1199 2665 dictum
1212 2625 1252 2666 eat
1265 2629 1321 2681 esp.
1341 2627 1377 2660 ss.

370 2709 398 2760 9.
412 2692 439 2744 Ε
454 2691 540 2744 modio.
553 2691 633 2761 capis
641 2689 747 2744 modius
759 2703 841 2744 sexta·
885 2691 1022 2744 tirna-
1032 2689 1144 2760 Siliginis
1156 2703 1286 2744 assumus.
1300 2690 1378 2742 litote·

329 2768 384 2822 rios
395 2767 518 2824 sedecim.
540 2769 608 2822 Nam
624 2769 771 2842 amphora,
790 2787 840 2822 seu
883 2770 940 2822 rins
959 2787 991 2822 ex
1018 2769 1095 2830 MSS.
1125 2772 1207 2841 Regg.
1231 2783 1257 2824 et
1277 2766 1378 2822 ediu'ona

329 2841 517 2919 quadrantsle,
532 2848 638 2902 sextarii
654 2861 716 2902 sunt
728 2845 839 2902 duode-
883 2849 1027 2918 principe,
1052 2861 1173 2902 oonsem.
1198 2848 1316 2903 Chifflet
1339 2846 1377 2898 sd·

329 2927 537 2998 quinquaginta,
552 2928 640 2998 inquit
651 2927 744 2982 Festus
759 2945 766 2980 :
782 2946 840 2982 sm·
884 2932 972 2982 sciunt.
984 2927 1037 2982 En.

328 3005 414 3076 phora
422 3005 514 3060 eadem
525 3004 629 3060 modios
641 3019 694 3060 tres
706 3005 839 3070 eontinet,
926 3014 970 3071 ιι.
991 3007 1022 3058 Is
1045 3008 1142 3079 reliquis
1159 3028 1243 3077 pam.
1265 3004 1377 3060 Reddam

327 3099 436 3140 auctore
450 3085 562 3140 Volusio
577 3085 717 3141 Muciano.
730 3086 772 3139 De
785 3105 840 3139 sex·
882 3087 1011 3140 nimirum
1025 3085 1101 3140 floris
1122 3085 1287 3151 semodium,
1299 3083 1377 3138 marii

328 3166 402 3219 tariis
411 3163 528 3220 diximus
539 3164 587 3218 lib.
599 3165 683 3230 XIV,
697 3181 757 3235 cap.
766 3168 794 3218 6.
804 3166 838 3218 Η.
882 3165 1007 3219 sextarios
1018 3179 1149 3237 quatuor,
1176 3179 1225 3220 ete.
1241 3166 1275 3218 Η.

371 3263 413 3298 xo.
436 3243 555 3313 Siliginis.
579 3243 682 3298 Farina
704 3243 805 3298 scilieet
824 3264 839 3298 e
927 3243 1218 3315 rustmpotttm.
1233 3246 1290 3297 lloe
1303 3241 1376 3305 est‚si

327 3323 439 3394 siligine„
459 3325 548 3376 llsnm
883 3324 1065 3378 tenuissimam
1087 3325 1153 3377 libet
1176 3323 1285 3377 farinam
1300 3338 1376 3375 exom-

370 3421 415 3456 ιι.
430 3403 469 3454 Et
486 3402 581 3454 cibarii.
593 3401 732 3456 cibarium
744 3403 838 3474 appel·
882 3421 963 3468 nese,
975 3421 1035 3474 qum
1042 3404 1171 3457 tenuitate
1181 3404 1260 3457 etism
1272 3400 1300 3454 id
1309 3417 1375 3471 supe«

325 3482 364 3534 lat
381 3481 494 3536 farinam
513 3481 758 3552 maioremque
777 3495 839 3550 post
882 3493 941 3547 ret,
959 3480 1033 3553 qnod
1048 3482 1141 3536 florem
1163 3482 1255 3536 farinas
1267 3479 1374 3551 siligines

326 3560 454 3630 pollinem
461 3560 502 3615 vel
509 3559 603 3615 florem
611 3560 751 3622 excutitur,
757 3578 839 3632 quam
881 3558 999 3618 diximus
1012 3563 1151 3632 appellari.
1165 3561 1257 3616 sto.

265 3637 267 3642 '
326 3638 443 3694 furfurea
469 3652 625 3711 sequuntur.
648 3639 688 3692 Ex
713 3657 744 3692 ea
762 3639 838 3709 panis
925 3644 971 3695 16.
992 3642 1028 3694 Et
1049 3642 1143 3695 οἱόαήί.
1166 3640 1241 3706 Quid
1264 3637 1373 3692 oilnrlun

324 3719 485 3783 conficitur..
508 3737 590 3791 quem
616 3715 747 3772 cibarium
768 3736 836 3790 quo·
882 3733 1008 3784 vocetur,
1025 3720 1105 3790 paulo
1119 3733 1182 3775 ante
1194 3718 1315 3774 diximus·
1329 3714 1357 3767 ll.

324 3815 377 3867 qne
402 3811 428 3850 et
451 3797 636 3852 secundarium
651 3810 763 3863 vocant,
774 3802 836 3867 pata
924 3799 1125 3868 17.Meduuam.
1141 3799 1274 3853 Farinam.
1287 3797 1319 3848 ll·

323 3876 367 3928 bis.
381 3876 471 3930 lisan.
924 3881 969 3932 ¹8.
986 3877 1099 3932 Galata.
1112 3879 1137 3930 E
1149 3879 1245 3949 gallica
1265 3875 1370 3945 siligine,

367 3975 408 4009 rx.
419 3955 601 4026 Ceteraparie.
613 3956 686 4009 Utin
697 3956 835 4026 Campma
857 3958 861 3966 '
879 3975 961 4027 qssam
979 3959 1095 4013 arincam
1113 3970 1141 4011 et
1163 3960 1269 4012 brsoem
1282 3961 1370 4010 vocant·

320 4033 435 4106 siligine,
449 4054 508 4106 qun
522 4033 612 4092 reddit
625 4035 653 4088 in
667 4034 771 4091 modios
782 4035 835 4090 sin·
879 4037 981 4093 Daue.
