2925 5009
567 475 635 543 DE
658 476 794 545 OPIO.
1143 478 1208 567 641

177 595 273 667 Capita
280 593 420 667 pepereris
431 594 562 649 teneriora
573 606 650 649 aceto
662 596 769 651 ooudita
780 614 796 648 ι
809 595 947 650 ιιοιιιιιιΙΙίι
957 595 984 649 in
998 614 1088 653 rueusa
1098 600 1216 655 secunde

142 697 320 757 appetuntur.

180 775 220 826 De
235 773 292 841 opii
307 772 479 845 quslitatihus
491 791 546 824 nou
567 790 636 825 unns
656 786 696 826 est
714 774 835 827 omnium
858 792 1011 829 consensus.
1025 776 1077 827 Alii
1098 776 1219 831 couside-

142 874 234 916 rantes
246 863 337 934 opium
357 878 504 933 paucorum
521 880 669 931 granorum
686 862 747 915 dori
763 860 911 916 exhibitum
935 875 1014 935 ceput
1035 882 1163 933 gravere,
1179 884 1222 919 so·

143 969 237 1003 mnum
246 950 403 1014 conciliare,
418 947 520 1003 doloris
531 966 636 1003 sensum
644 948 1019 1021 obtundere‚respirettoneur
1030 952 1218 1017 intercludere,

143 1038 335 1111 hominemque
351 1035 528 1091 dormientem
543 1037 598 1089 rits
617 1037 742 1110 privare,
764 1038 829 1091 illud
843 1056 897 1091 non
914 1038 995 1093 rnodo
1009 1039 1157 1112 frigidum,
1175 1040 1223 1095 sed

145 1138 242 1199 quarto
263 1144 369 1179 recessu
385 1143 443 1177 esse
463 1124 516 1177 tale
537 1126 792 1196 pronuntisrerunt.
806 1124 859 1177 Alii
876 1125 911 1179 ud
930 1129 987 1200 ejus
1006 1128 1128 1201 saporem
1147 1149 1222 1183 ama·

144 1234 222 1276 rum,
235 1232 325 1267 serem
339 1226 366 1267 et
379 1213 524 1265 crusticum
535 1211 719 1277 attendentes,
730 1212 799 1267 illud
813 1212 929 1267 calidum
942 1232 998 1269 esse
1010 1216 1225 1281 constitueruntc

145 1321 196 1355 uec
213 1301 294 1373 magis
312 1300 347 1353 de
360 1300 432 1354 illius
451 1300 551 1353 virtute
562 1302 634 1353 iuter
647 1319 675 1354 se
693 1301 864 1355 conveniunt.
877 1302 929 1353 Alii
947 1302 1012 1357 illud
1026 1304 1176 1359 virulentia
1194 1316 1223 1359 et

145 1408 287 1441 narcoseos
300 1402 469 1453 accusantes,
482 1389 625 1459 culpesuut
638 1401 664 1442 et
677 1391 836 1458 rejecerunt.
854 1388 904 1442 Alii
916 1390 984 1444 illud
997 1393 1087 1463 magni
1100 1392 1222 1459 fuciunt,

147 1488 173 1529 et
192 1476 317 1548 pluribus
338 1475 421 1528 titulis
438 1486 465 1529 et
483 1476 581 1546 elogiis'
597 1477 747 1529 cumulent.
768 1476 894 1529 Veterum
917 1478 1073 1533 Grecorum
1092 1480 1224 1552 plurimi,

146 1578 277 1617 osmonte
301 1564 475 1629 Dioscoride‚
494 1564 564 1617 illius
586 1582 665 1617 usum
680 1566 722 1617 vel
746 1566 824 1617 etism
840 1576 979 1619 externum
1000 1566 1222 1623 reformidsruut.

148 1682 160 1698 ι
170 1655 242 1705 Raro
255 1652 393 1724 cogimur,
404 1653 494 1725 iuquit
505 1653 637 1717 Galenus,
651 1654 698 1705 lib.
712 1650 742 1706 l'l
756 1652 790 1706 de
807 1654 933 1725 Compos.
950 1653 1046 1709 medic.
1061 1656 1223 1718 norisium:

149 1741 201 1812 (de
227 1740 320 1796 dolore
347 1740 443 1812 ospitis
462 1745 577 1811 egens),
598 1741 751 1813 pharmacis
776 1760 808 1795 ex
832 1740 893 1812 opio
913 1742 970 1807 uti;
993 1760 1077 1815 quum
1099 1742 1224 1799 videlicet

102 1881 108 1889 ,
147 1848 203 1900 prm
222 1828 322 1881 doloris
335 1828 502 1881 vehementia
511 1870 519 1894 ,
536 1830 618 1881 homo
633 1828 734 1883 devita
753 1828 919 1902 periclitatur
930 1848 936 1881 ι
949 1848 1103 1903 quenquam
1119 1843 1145 1884 et
1160 1843 1226 1885 tuuc

149 1914 243 1969 solide
262 1930 349 1986 partes
369 1935 404 1971 ex
426 1921 482 1990 ejus
503 1934 553 1968 usu
572 1915 765 1978 ollendsutur,
790 1914 857 1969 odeo
879 1928 909 1968 ut
930 1917 1042 1988 posthoc
1062 1918 1228 1973 correctione

149 2024 220 2075 opus
240 2004 366 2057 habeant.
389 2004 433 2057 Sic
451 2022 484 2057 es
508 2004 569 2073 opio
590 2004 699 2077 collyria
714 2003 806 2057 multis
825 2003 987 2057 detrimento
1008 2004 1130 2068 luerunt,
1148 2009 1185 2060 ita
1199 2018 1230 2061 ut

149 2092 266 2146 debilem
287 2093 397 2147 oculum
414 2088 598 2153 reddiderint,
612 2104 639 2145 et
656 2091 728 2145 visus
748 2091 940 2145 hebetudinem
961 2091 1136 2147 induxerint:
1155 2095 1229 2149 velut

150 2181 231 2234 etiarn
248 2180 355 2235 auditne
372 2181 528 2254 gravitatem
542 2178 675 2232 inducunt
687 2197 865 2252 quoecumque
877 2178 911 2231 ed
923 2164 1109 2235 vehementem
1123 2182 1229 2236 aurium

150 2269 271 2322 dolorem
284 2288 314 2322 ex
326 2269 462 2341 papaveris
475 2285 555 2321 succo
565 2279 627 2321 suut
639 2268 797 2340 compositu.
807 2268 952 2322 thtusce
963 2270 1034 2323 enim
1048 2288 1080 2323 es
1089 2272 1230 2344 pepereris

150 2376 232 2410 succo
250 2359 342 2411 omnia
356 2375 464 2411 sensum
481 2356 660 2427 stupefaciunt
670 2376 678 2409 z
690 2368 716 2408 et
729 2356 765 2409 ob
779 2354 807 2408 id
821 2374 883 2409 saue
900 2357 1021 2428 cogimur
1031 2356 1094 2429 ipsis
1109 2359 1165 2423 nti,
1182 2358 1230 2413 uhi

151 2448 257 2501 nullum
265 2444 338 2498 eliud
350 2444 525 2517 mitigativum
539 2462 618 2514 opem
630 2443 719 2497 tulit.»
728 2444 861 2498 Galerium
870 2444 977 2515 sequuti
987 2445 1167 2518 suutplurirni
1176 2447 1230 2501 Ve-

152 2548 240 2588 terum
253 2546 280 2587 et
293 2534 514 2596 Nectericornm3
530 2532 685 2598 Fer-nelius,
696 2532 866 2595 Matthiolus‚
876 2532 1012 2598 Ruellius,
1024 2533 1231 2589 Tabernsrmms·

153 2638 248 2687 tanus,
259 2620 400 2681 Rhodius.
422 2618 589 2682 Reuodreus,
612 2620 729 2671 Zucutus
751 2619 902 2681 Lusitanus,
917 2620 1119 2687 Quercetnuus,
1132 2620 1230 2677 sclaro-

152 2710 233 2763 derus
241 2748 249 2773 ,
256 2722 306 2763 etc.
317 2708 486 2763 Dioscorides
496 2722 585 2761 tamen
593 2708 663 2761 illius
671 2725 750 2759 usum
761 2724 816 2758 non
826 2706 894 2759 odeo
908 2706 1101 2761 reformidavit.
1111 2736 1124 2757 ι
1132 2710 1231 2781 Opiusrt

154 2799 259 2869 inquit,
268 2810 406 2869 sumptum
417 2797 473 2850 ervi
488 2796 673 2867 magnitudine
683 2793 806 2848 dolorem
818 2794 877 2845 linit
888 2812 894 2845 :
905 2794 1063 2866 concoquit,
1071 2808 1098 2849 et
1108 2814 1231 2851 somnum

155 2888 253 2941 allicit:
264 2887 329 2941 tussi
342 2900 425 2958 etque
441 2886 612 2939 cmlincorum
627 2882 775 2937 valetudini
789 2882 938 2935 auxilietur.
948 2883 1048 2935 Verum
1061 2884 1085 2937 si
1096 2885 1232 2957 copiosius

154 2976 308 3041 irretiatur,
323 2986 420 3041 nocet,
438 2992 523 3045 quum
542 2972 702 3043 lethargicos
720 2970 840 3023 efficiens
852 2969 996 3023 interimat.
1007 2970 1049 3023 Ad
1061 2970 1167 3026 dolores
1186 2992 1232 3027 cs·

156 3064 220 3136 pitis
236 3082 297 3117 cum
311 3082 420 3117 rosaceo
434 3064 495 3115 oleo
510 3062 649 3133 perfusum
664 3058 757 3113 ellicus
781 3071 823 3112 est
835 3075 842 3109 :
854 3059 960 3111 surium
976 3057 1065 3113 dolori
1085 3078 1148 3114 eum
1160 3079 1233 3134 amy-

156 3152 282 3225 gdalino,
297 3151 405 3220 myri-hs
418 3163 445 3203 et
458 3167 538 3203 croco
552 3147 706 3201 instilletur.
728 3145 990 3199 inflammationibus
1009 3147 1149 3201 oculorum
1170 3166 1233 3202 com

157 3240 300 3294 torrefacto
312 3240 355 3293 ori
368 3240 439 3291 luteo
451 3236 559 3309 prolicit
567 3256 576 3301 ;
595 3233 650 3305 igni
661 3252 738 3287 sacru
755 3244 780 3286 et
795 3233 950 3288 vulneribus
969 3252 1031 3287 curn
1045 3247 1139 3299 uceto;
1152 3234 1235 3307 podo-

157 3329 287 3399 griseum
304 3326 372 3381 lscte
389 3324 504 3378 mulieris
523 3336 549 3375 et
569 3340 657 3376 croco.
679 3321 808 3375 Somnum
833 3326 947 3375 accersit
962 3321 1099 3376 subditum
1113 3322 1171 3377 sedi
1185 3342 1235 3395 pro

129 3442 134 3453 ·
158 3417 288 3469 balanon
304 3418 378 3469 luter
395 3412 561 3467 recentiores
579 3410 641 3464 lelis
652 3404 775 3463 Platerus
798 3407 848 3463 diu
866 3411 1015 3482 neglectum
1028 3412 1120 3483 opium
1137 3425 1185 3478 et,
1206 3422 1237 3463 ut

159 3505 213 3570 sit,
227 3506 278 3559 suh
290 3520 398 3559 scamno
411 3502 555 3573 rejectum,
569 3498 599 3551 in
611 3516 691 3551 usnsu
703 3496 838 3552 revocarit
849 3514 857 3561 ;
877 3514 957 3567 quem
968 3510 1094 3570 sequium
1105 3511 1145 3553 est
1155 3498 1236 3553 Fran·

159 3596 245 3648 ciscus
260 3594 364 3667 Sylvius
377 3592 508 3653 Bararus,
524 3608 571 3643 sen
591 3588 633 3641 Dr
646 3605 682 3641 ns
694 3586 768 3650 Bos,
790 3586 837 3657 qui
858 3585 930 3640 dixit
943 3604 971 3639 se
984 3586 1055 3640 nolle
1074 3588 1234 3642 medicinam

159 3702 301 3747 exercere,
319 3682 342 3734 si
355 3693 456 3735 careret
477 3679 540 3750 opio
551 3696 559 3731 :
570 3676 643 3731 uude
655 3675 753 3731 doctor
766 3675 881 3746 Opintus
903 3674 990 3729 dictus
1006 3688 1055 3729 est.
1069 3675 1121 3731 Sed
1136 3689 1167 3729 ut
1179 3674 1235 3748 opii

160 3783 255 3825 nutura
268 3782 294 3823 et
306 3769 378 3822 vires
391 3768 486 3821 melius
498 3768 682 3829 innotescant,
692 3761 919 3818 considerandum
932 3774 971 3817 est
981 3762 1090 3835 quinem
1101 3763 1155 3817 siut
1164 3764 1235 3817 illius

160 3858 272 3913 effectus
284 3857 389 3910 modica
407 3855 468 3910 dosi
481 3853 610 3915 exhibiti.
623 3850 760 3925 quomodo
777 3850 841 3923 egri
854 3870 868 3903 a
887 3851 968 3904 nimir
987 3850 1046 3904 desi
1063 3850 1215 3905 allicientur
1227 3888 1235 3913 ,

160 3968 192 4002 ac
208 3946 317 4002 taudem
328 3965 388 4019 quas
399 3954 576 4018 symptomata
589 3941 788 3995 diuturniorem
800 3940 872 3993 illius
884 3958 962 3993 usum
976 3951 1129 4013 sequentur.

198 4033 351 4106 Opiumvel
363 4034 467 4087 interne
478 4042 637 4102 usurpetur,
651 4029 695 4083 rel
712 4040 829 4082 externe.
844 4026 960 4081 Exterue
969 4026 1107 4081 admotum
1121 4032 1239 4080 tumores

247 4148 311 4213 Vl·
345 4228 348 4235 Ι
630 4212 635 4221 ,
1033 4140 1076 4221 41
