2925 5009
336 447 411 524 256
595 449 634 520 C.
663 449 837 518 PLINll
863 451 976 519 ΝΑΤ.
1004 449 1137 518 HIST.

334 599 405 654 tare
417 581 614 652 existimant.
628 565 810 676 Virgilius⁶
830 582 920 651 nitro
933 597 969 651 et
982 605 1118 652 amurca
1138 580 1290 677 perfundi
1300 582 1379 674 jue

334 690 467 762 sabam:
491 690 539 758 sic
560 690 659 758 etiam
678 687 897 784 grandescere
918 690 1093 784 promittit.
1117 682 1280 777 Quidem⁷
1298 713 1377 768 reru,
1428 752 1431 777 ,

335 799 362 866 si
383 795 494 866 triduo
514 810 592 864 ante
610 807 717 864 satum
738 796 832 866 urim
853 809 887 864 et
908 819 995 890 aqua
1015 808 1214 882 maceretur,
1235 797 1379 890 precipue

335 901 523 972 adolescere
545 887 691 995 putant³.
709 903 776 970 Ter
789 901 924 996 quidem
939 903 1091 971 sarcitum
1106 901 1271 971 modium⁹
1285 901 1381 972 fracte

301 1037 316 1071 a
335 1033 354 1078 e
374 1009 487 1078 modio
504 1006 615 1078 solidae
639 1007 789 1077 reddere.
805 1007 946 1101 Reliqua
967 1009 1094 1079 semina
1106 1007 1132 1032 ¹⁰
1152 1010 1295 1102 cupressi
1311 1006 1383 1078 loliis

336 1118 417 1186 tusis
433 1116 460 1186 si
478 1115 695 1202 misceantur,
714 1140 783 1184 non
805 1140 877 1185 esse
897 1113 1087 1184 vermiculis
1109 1116 1254 1184 obnoxia
1269 1139 1277 1181 :
1291 1117 1385 1184 necsi

335 1219 542 1292 interlunio¹¹
563 1235 723 1292 serantur.
746 1219 845 1291 Multi
868 1221 912 1291 ad
938 1219 1021 1291 milii
1046 1220 1237 1307 remedia¹²,
1251 1221 1384 1291 rubetam

335 1343 437 1398 noctu
455 1351 536 1397 arvo
557 1325 766 1397 circumferri
782 1328 921 1421 jubent,
936 1329 1028 1423 prius
1047 1352 1150 1422 quarn
1165 1329 1325 1414 sarrianis,
1339 1326 1387 1395 de

336 1433 470 1530 fodique
489 1437 523 1505 in
543 1433 651 1504 medio
667 1433 827 1504 inclusam
847 1459 926 1504 vase
940 1432 1032 1504 fictili
1049 1457 1057 1498 :
1074 1436 1120 1503 ita
1138 1457 1202 1502 nec
1222 1457 1386 1530 passerem,

335 1565 397 1611 nec
409 1565 538 1610 vermes
558 1564 703 1610 nocere:
725 1540 783 1610 sed
804 1540 987 1610 eruendam
1009 1541 1101 1635 prius
1123 1563 1225 1634 quam
1247 1553 1387 1623 metatur,

334 1645 456 1742 alioqui
470 1635 621 1716 amnium
636 1646 718 1716 fieri.
741 1649 835 1737 Quin
849 1661 884 1716 et
896 1671 991 1716 armo
1004 1645 1101 1742 talpae
1115 1660 1270 1716 contacta
1280 1647 1390 1714 semina

335 1851 514 1923 lib.11,mp.
537 1854 662 1922 ὠρας.
678 1848 785 1914 54:1¹&
796 1852 852 1922 eise
893 1850 1000 1906 atimem
1012 1849 1392 1905 debereteraarrir'nllamsic

337 1932 510 2002 leqpmdiiru
526 1933 680 2002 σπέρματα,
694 1931 798 1985 ἔλαττον
811 1950 852 1984 νο·
893 1931 1239 2002 culmmcomperimuenou
1245 1930 1327 1984 aolum
1333 1930 1393 1983 mul·

336 2011 485 2076 eiusmetc.
501 2007 592 2064 ilino.
894 2010 1018 2082 tiplicare
1049 2012 1189 2075 fructum,
1212 2010 1261 2066 aed
1283 2011 1391 2082 exigua·

377 2095 403 2144 6.
419 2091 548 2160 Virgilio.
564 2089 663 2162 Georg.
675 2090 707 2156 1,
725 2109 765 2143 rs.
781 2089 851 2160 193:
893 2091 1047 2160 portionem
1059 2090 1089 2143 iu
1101 2089 1215 2145 valvulis
1226 2091 1333 2144 babae:
1345 2091 1394 2144 ire

340 2196 352 2218 ι
364 2171 471 2224 Semina
486 2169 543 2224 ridi
555 2166 679 2241 equidem
691 2171 789 2223 multoe
799 2187 853 2222 me·
893 2188 983 2242 aeque
1002 2170 1059 2242 ejus
1074 2183 1102 2223 et
1121 2184 1272 2242 expurgate
1285 2168 1391 2224 modium

336 2249 426 2305 dicare
450 2263 584 2315 menter,
609 2251 643 2304 Et
665 2249 740 2302 uitro
761 2249 851 2320 priua,
893 2268 972 2321 pene
987 2262 1042 2302 tam
1056 2250 1168 2320 plenum
1186 2269 1256 2316 ease,
1272 2250 1392 2322 qimaiu·

336 2341 363 2384 et
371 2330 446 2402 nigra
457 2328 618 2401 perfundere
631 2347 753 2383 amurca:
765 2329 854 2382 Grau·
894 2343 1080 2402 tegroe‚quum
1090 2331 1135 2384 vix
1144 2329 1394 2384 minuaturmema

335 2408 400 2463 dior
412 2423 442 2464 ut
461 2410 530 2463 lerna
551 2409 653 2480 siliquis
664 2409 800 2462 fallacibus
811 2426 851 2461 ea·
892 2407 1019 2463 detractis
1043 2410 1257 2480 putaminibus·
1276 2410 1357 2462 ilcan.

336 2503 385 2544 aet.
396 2516 408 2537 ι
423 2489 555 2543 Fabarum
571 2505 668 2560 nempe
678 2486 788 2560 siliquis
801 2487 852 2541 Co·
937 2507 979 2543 ro.
989 2488 1092 2562 Reliqim
1104 2494 1205 2544 ceuceu.
1212 2490 1394 2559 AuctorGeop.

335 2569 460 2636 lamella,
480 2569 528 2622 lib.
548 2569 590 2630 11,
611 2585 669 2639 cap.
688 2586 740 2631 ιο,
761 2570 853 2620 Priscis
893 2567 1008 2622 totidem
1020 2569 1108 2622 verbis
1123 2570 1176 2623 loc.
1191 2569 1263 2623 citat.
1276 2588 1331 2642 paq.
1343 2567 1393 2622 53:

337 2653 449 2712 rusticis,
461 2645 585 2702 etc.Vide
596 2647 684 2700 locum
695 2650 750 2717 iam
759 2645 853 2700 lauda·
893 2649 923 2701 lli
933 2645 964 2702 ll
973 2649 1051 2718 φὺλλα
1058 2652 1217 2720 κυπαρίσσων
1226 2649 1394 2719 addendum·

337 2742 423 2784 tuma
438 2727 559 2782 Pintiano
580 2727 606 2779 in
622 2727 852 2781 animadversione
893 2729 941 2792 ξιις
958 2730 1012 2789 τοῖς
1032 2731 1188 2800 σπέρμασιν,
1204 2727 1308 2800 deeee
1321 2735 1394 2781 eain

337 2805 512 2880 precedente.
528 2807 563 2861 Et
573 2805 723 2871 Palladius,
738 2807 786 2860 lib.
796 2807 852 2859 XII
894 2807 1083 2877 φυλαχθῆσιται.
1091 2809 1185 2862 Simile
1193 2807 1395 2880 quiddamreien

337 2889 365 2941 in
380 2887 512 2941 Novemb.
524 2888 564 2940 aia.
579 2904 607 2950 1,
619 2905 645 2957 p.
659 2890 710 2940 161
725 2885 852 2941 ταῦταοὶ
894 2887 1057 2950 Columella,
1072 2888 1119 2940 lib.
1136 2890 1182 2954 ΙΙ,
1197 2908 1257 2960 cap.
1271 2908 1297 2958 9.
1313 2888 1344 2942 il

336 2980 455 3022 asserunt
466 2968 532 3021 labe
539 2967 670 3020 semina...
678 2966 773 3018 nitram
782 2984 853 3036 aqua
938 2987 984 3021 11.
995 2967 1048 3020 Nec
1060 2969 1198 3020 murano.
1209 2967 1297 3040 Geop.
1306 2979 1396 3031 numm,

337 3066 468 3119 respersa,
480 3061 615 3102 cocturam
627 3045 790 3100 nonhabere
799 3044 853 3099 dil·
894 3047 946 3100 loc.
962 3047 1035 3100 citat.
1056 3066 1106 3100 uec
1121 3049 1143 3101 ei
1159 3049 1222 3100 lum
1242 3049 1394 3121 semiplena:

338 3128 469 3182 liudem·
496 3127 589 3180 Haan.
895 3125 999 3199 ἅὸρωτα
1009 3121 1041 3179 di
1053 3128 1119 3198 pieac
1132 3127 1175 3180 καὶ
1187 3127 1222 3180 τὰ
1234 3131 1259 3183 ἐν
1275 3123 1395 3199 διχομίς

380 3226 408 3278 7.
425 3207 531 3278 Quidum
553 3225 621 3258 uero.
644 3205 745 3257 Auctor
765 3204 852 3277 Geop.
895 3209 1055 3278 eeepipuu.
1080 3207 1260 3260 interlunium
1282 3207 1316 3262 de
1335 3204 1395 3260 coila

337 3287 385 3340 lib.
401 3288 445 3352 11,
456 3305 514 3359 cap.
532 3290 622 3355 16‚p.
637 3285 682 3337 15.
700 3282 793 3338 Han.
895 3287 1076 3340 silentisluna
1090 3286 1284 3358 accipiendum.
1296 3289 1379 3341 Haan

379 3363 855 3439 li.Pmeipueadolescerepueuut.l'roe·
938 3385 983 3419 aa.
998 3365 1045 3418 Ad
1056 3367 1117 3418 milii
1130 3367 1245 3419 remedia.
1260 3368 1301 3420 Ne
1314 3362 1396 3420 vum}

337 3451 431 3518 cipuius
446 3448 531 3500 lorma
545 3445 743 3516 comparativa,
758 3455 784 3496 er
793 3443 853 3514 qni·
895 3445 949 3498 culi
959 3457 1006 3498 aut
1016 3463 1133 3516 passeres
1141 3446 1218 3500 milio
1229 3459 1348 3501 noceant.
1354 3445 1396 3497 ila·

337 3526 399 3580 dem
413 3523 545 3589 uomodo,
563 3527 590 3578 iu
606 3537 697 3578 nostro
711 3521 804 3576 oodice
815 3523 853 3575 le·
894 3527 941 3578 bet
954 3525 1011 3578 lraec
1024 3523 1135 3578 totidem
1149 3528 1206 3580 fere
1218 3527 1307 3580 verbis
1314 3536 1396 3580 auctu

337 3607 417 3677 gitur.
432 3608 501 3659 Dar..
895 3605 1020 3675 Geopon.
1041 3604 1093 3656 loc.
1105 3604 1149 3658 cic.
1165 3625 1226 3679 pag.
1240 3609 1288 3678 55.
1303 3603 1353 3660 sed
1363 3600 1395 3656 nli

379 3704 407 3755 9.
418 3686 528 3740 Modiam
536 3687 636 3750 fructa.
651 3685 674 3736 E
684 3681 775 3736 modio
786 3683 854 3736 fabae
895 3681 1133 3738 circumferendam
1146 3685 1185 3738 ait
1198 3704 1265 3740 arvo
1275 3686 1394 3741 rubeum

337 3764 448 3835 integre
462 3783 523 3820 cum
535 3765 609 3818 tenui
623 3763 737 3817 curicula
749 3781 800 3834 qua
811 3763 854 3816 iu·
895 3756 1052 3835 priusquam
1071 3782 1164 3818 arrum
1180 3764 1313 3830 fodiatur,
1330 3762 1364 3816 aie
1373 3771 1395 3812 et

336 3845 470 3910 volvitur,
484 3843 603 3898 modium
619 3844 708 3898 fracte
731 3859 778 3894 seu
794 3860 853 3894 mo·
895 3841 1041 3896 eruendam
1052 3844 1331 3918 mouet‚priusquam
1340 3857 1395 3894 aera·

336 3923 411 3989 lire,
436 3923 490 3976 aive
520 3923 668 3978 furfuribus
693 3920 852 3976 rediturum.
895 3934 960 3990 tur,
975 3939 1011 3976 ne
1031 3922 1134 3976 frustm
1156 3937 1309 3978 amarescat.
1331 3917 1393 3976 MSS·

337 4003 500 4067 Columella,
509 4002 528 4056 l.
540 4005 583 4067 11,
593 4021 617 4056 e.
634 4021 666 4056 ra
682 4019 688 4054 ε
703 3999 852 4073 -Adeoque
896 4020 1004 4068 omnes,
1017 4003 1052 4054 ad
1063 4004 1145 4060 milia.
1165 4002 1240 4058 nude
1252 4002 1356 4077 quidam
1368 3995 1396 4048 d

336 4083 423 4138 labam
438 4081 602 4138 cernendam
622 4099 735 4144 censeo,
756 4093 786 4134 ut
798 4081 853 4135 exi·
896 4083 985 4136 sibilie
1000 4095 1175 4152 augurium,
1192 4083 1272 4140 male.
1300 4084 1379 4137 Haeo.
