2925 5009
490 506 646 575 LIBER
676 506 761 575 XX.
1097 504 1166 603 573

90 636 199 711 ctos¹⁴
222 654 337 735 partus
354 639 453 733 ejicit.
467 623 622 709 Semen¹⁵
640 637 946 709 obmutescentibus
964 636 1086 709 ollactu
1109 642 1167 711 ad·
1186 660 1200 710 t

5 824 11 851 v
91 762 261 817 movetur.
281 744 513 815 Comitialibus
527 746 561 813 in
582 758 677 815 aceto
692 744 803 838 cyathi
826 768 980 813 mensura
1000 745 1107 816 datur.
1131 750 1166 818 Si

90 878 191 949 aqum
203 838 228 876 ¹⁶
245 852 429 922 insalubres
447 850 598 921 bibendas
613 852 699 935 siut,
718 852 833 919 tritum
853 853 1047 945 aspergitur.
1071 852 1167 923 Salsi-

92 958 230 1029 tudines
238 958 262 998 ¹⁷
281 960 449 1055 corporis,
467 959 495 1027 si
517 982 595 1027 cum
613 958 693 1025 vino
706 955 868 1039 tradatur,
889 958 1016 1027 minuit.
1043 962 1165 1029 Nervo

93 1050 208 1134 rum¹⁸
228 1089 346 1147 causa,
367 1066 455 1134 etin
479 1064 726 1149 contractione,
754 1088 831 1131 cum
856 1062 923 1131 sale
944 1078 978 1133 et
999 1066 1112 1147 aceto,
1134 1082 1168 1137 ct

92 1170 194 1240 melle
217 1170 421 1240 confricatur
434 1172 468 1238 in
483 1169 710 1265 opisthotono.
730 1168 891 1237 Bibitur'⁹
906 1168 948 1239 ad
963 1174 1166 1266 serpentium

92 1280 182 1346 ictus
197 1276 372 1346 decoctum
388 1301 395 1345 :
412 1276 453 1345 ad
472 1276 683 1369 scorpionum
698 1288 732 1342 et
745 1277 777 1341 in
793 1276 870 1342 vino
886 1276 1012 1361 tritum,
1027 1280 1167 1347 maxime

91 1382 187 1478 quod
204 1384 240 1451 in
256 1385 351 1452 siccis
361 1384 520 1451 nascitur.
534 1380 585 1449 Ad
601 1382 669 1449 oris
683 1378 986 1465 exhulccrntiones,
996 1382 1036 1451 ad
1052 1386 1164 1453 tussim

90 1489 218 1561 efficax
239 1490 423 1559 habetur'⁰.
447 1487 523 1557 Flos
540 1488 682 1557 recentis
703 1488 875 1569 incensus,
897 1488 1054 1581 pulices²'
1071 1506 1168 1561 siccat

91 1596 211 1664 odore.
238 1597 475 1665 Xenocrates¹'
497 1593 620 1689 pulegii
644 1616 776 1661 ramum
800 1592 874 1662 lana
896 1590 1102 1679 involutum,
1133 1599 1166 1665 in

92 1702 246 1771 tertianis
262 1718 338 1770 ante
353 1702 572 1771 accessionem
593 1698 818 1768 olfactandum
836 1698 925 1781 dari,
942 1714 998 1768 aut
1015 1702 1167 1795 stragulis

92 1807 236 1901 subjici,
251 1822 284 1876 ct
304 1809 350 1877 ita
366 1806 522 1877 collocari
542 1830 686 1901 regrum,
705 1806 792 1873 inter
811 1805 954 1874 remedia
976 1806 1085 1875 tradit.

150 1916 225 1982 LV.
247 1912 396 1983 Silvestri
417 1914 460 1982 ad
480 1912 595 1981 eadem
613 1912 664 1980 vis
678 1910 849 1980 efficacior
868 1925 937 1994 est,
952 1912 1042 2005 quod
1060 1915 1166 1985 simile
1188 1950 1196 1984 ι

91 2034 146 2090 est
165 2020 326 2114 origano,
348 2018 532 2089 minoribus
555 2017 661 2102 foliis,
683 2040 783 2111 quam
807 2019 974 2087 sativum:
1003 2032 1070 2088 eta
1094 2023 1164 2115 qui·

90 2126 237 2197 busdam
260 2125 445 2196 dictamnus
464 2138 614 2195 vocatur.
640 2126 818 2193 Gustatum
849 2148 867 2192 a
897 2148 1017 2217 pecore
1044 2118 1165 2220 caprisl

138 2335 183 2383 ιι.
210 2321 354 2387 Defunctos.
376 2322 465 2375 Diosc.
491 2320 542 2373 loc.
563 2320 609 2373 cit.
656 2318 779 2370 uContra
798 2336 931 2388 spasmum
954 2336 960 2371 τ
981 2316 1119 2389 Pulegium
1138 2322 1165 2375 in

92 2402 270 2474 Apuleium.
280 2419 351 2465 xcrs,
361 2399 400 2454 tit.
413 2420 429 2471 7
443 2419 450 2452 r
463 2400 509 2453 ·si
522 2400 610 2453 infans
651 2397 717 2451 aceti
729 2397 833 2469 cyathis
846 2396 950 2451 duobus
962 2399 1069 2469 jejunus
1079 2399 1167 2467 bibat,

92 2484 122 2535 iu
145 2493 226 2533 utero
243 2479 362 2533 mulieris
378 2496 499 2534 mortuus
512 2481 607 2533 luerit:
651 2476 674 2529 si
689 2495 811 2548 spasmus
827 2477 953 2529 molestus
966 2478 1054 2531 luerit.
1071 2506 1082 2527 ι
1101 2482 1166 2551 Sps.

91 2562 198 2635 pulegii
206 2560 351 2613 cauliculos
362 2574 414 2614 tres
424 2573 553 2623 recentes,
561 2560 609 2630 qui
651 2574 723 2609 smus
736 2574 881 2609 nervorum
894 2555 1019 2611 distentio
1032 2570 1069 2611 est
1087 2573 1166 2631 utque

91 2641 203 2694 adolent
215 2640 344 2704 suaviter,
357 2642 435 2694 tritos
447 2641 474 2692 in
485 2640 549 2692 vino
563 2657 608 2691 ve·
651 2636 798 2689 convulsio.
812 2636 945 2699 Tutunus,
961 2636 1115 2691 eorumdem
1129 2642 1165 2693 ri·

92 2736 154 2775 tere
166 2719 288 2791 optimo,
301 2721 407 2773 mtarii
418 2718 554 2792 quartario
573 2716 608 2771 da
650 2734 713 2786 gor,
724 2728 832 2768 auctore
845 2714 937 2779 Celso,
949 2716 990 2781 11,
1004 2734 1028 2768 t.
1041 2716 1167 2786 Opistbo·

91 2800 186 2864 bibat,
200 2799 363 2852 liberabitur.
376 2826 387 2847 .
404 2801 495 2853 Hasn.
651 2808 883 2865 tonumspasmum
890 2792 1166 2863 Pliniusdirit,XXII,

138 2880 185 2933 15.
209 2878 302 2932 Senes.
329 2879 401 2933 Illud
420 2879 547 2932 nimirum
569 2889 610 2930 cst
652 2893 679 2943 9.
695 2877 735 2927 De
748 2875 920 2945 opisthotono
939 2872 1057 2927 diximus
1075 2894 1099 2929 c.
1119 2880 1164 2931 15.

92 2958 169 3032 quod
187 2958 318 3030 Apuleius
331 2958 475 3031 aliquando
489 2956 606 3028 planius,
652 2955 698 3007 Est
711 2956 782 3007 enim
796 2954 980 3025 opisthotonos
991 2972 1074 3007 unum
1088 2975 1103 3009 e
1118 2958 1164 3010 tri·

93 3058 121 3092 c.
131 3056 201 3102 xcrr,
207 3051 228 3093 t.
242 3044 291 3103 τίς
304 3039 345 3090 ·Si
359 3038 454 3092 mulier
465 3036 610 3090 obticueris
649 3034 700 3087 bus
709 3034 951 3106 spasmigeneribus
957 3052 1018 3105 quse
1028 3033 1111 3089 fusius
1122 3054 1166 3090 ex-

93 3110 207 3188 (uempe
217 3119 245 3169 in
254 3114 502 3188 partu):l'ulegium
511 3116 608 3168 contri·
650 3114 785 3185 plancturi
796 3132 898 3177 sumus,
910 3113 956 3166 lib.
965 3114 1074 3177 XXIII,
1083 3133 1106 3168 c.
1118 3123 1164 3182 at.

93 3210 154 3251 tum
170 3210 197 3250 et
209 3197 237 3249 in
249 3197 386 3267 pulverem
398 3195 535 3250 redactum
549 3195 610 3248 lana
652 3194 687 3246 li.
698 3224 739 3235 —
750 3193 909 3261 Consrs'cutur
918 3197 953 3247 in.
962 3192 1010 3246 Gr.
1018 3196 1166 3261 confricatur

92 3276 271 3331 convolutum
291 3277 446 3347 subjiciatur
466 3276 500 3329 ab
520 3276 609 3328 obste-
651 3277 721 3343 epist.
731 3275 829 3326 omisso
841 3272 897 3326 scil.
908 3280 944 3344 τῷ
957 3276 992 3325 in.
1003 3273 1054 3325 Eu.

93 3358 172 3412 πίω,
188 3380 200 3401 s
216 3355 306 3409 Hann.
696 3371 741 3421 19.
755 3353 861 3405 Bibitur.
872 3352 958 3405 Diosc.
968 3353 1026 3415 III,
1040 3354 1083 3406 36.
1104 3353 1137 3407 Il.

140 3438 187 3489 16.
207 3433 237 3486 St
257 3456 340 3507 aqua,
356 3449 405 3489 etc.
425 3434 574 3488 Prusertim
588 3432 611 3485 si
695 3452 739 3485 so.
751 3432 798 3485 Ad
807 3430 1100 3501 tmsimefficaslmbetur.
1111 3434 1166 3486 Ha·

93 3515 181 3588 pigi-u
192 3527 219 3566 et
230 3527 389 3584 stagnantes.
401 3517 504 3567 Danau.
652 3511 908 3572 bentbmonlsabetru,
915 3510 1166 3577 inret.cod.Scribo,

141 3612 184 3663 ¹7·
206 3592 375 3647 Subitudims.
394 3595 494 3647 Forsan
511 3594 607 3646 lassitu-
653 3592 764 3650 hamati,
775 3592 803 3645 h.
815 3608 838 3643 e.
849 3591 871 3642 si
883 3588 1019 3643 dumtaxat
1028 3592 1166 3659 habeatur,

95 3674 177 3737 dam,
188 3674 293 3728 rectius.
304 3673 408 3727 Idcirco
417 3674 488 3725 enim
499 3685 526 3725 et
537 3674 608 3725 tueri
651 3683 681 3724 ut
693 3689 764 3741 ssepe
776 3671 839 3723 alias
851 3669 961 3723 Plinius.
976 3670 1053 3723 Prur.

94 3756 185 3825 capita
202 3752 317 3819 dicitur,
332 3765 425 3807 contra
439 3766 515 3807 restus
528 3752 609 3823 frigo·
694 3770 740 3803 ar.
754 3750 857 3803 Puliras.
871 3751 958 3821 Atque
972 3747 1035 3803 inde
1049 3750 1167 3805 fortassis

94 3852 213 3905 rumque
226 3834 433 3905 injuriamque
447 3848 533 3886 causa
546 3844 611 3885 sunt
652 3830 751 3903 pulegii
763 3848 873 3885 nomen.
889 3829 979 3883 Iliso.

92 3912 283 3968 lassitudinum
306 3924 357 3967 :et
374 3912 445 3965 idem
465 3929 609 3965 nervorum
695 3908 1168 3981 ss.Xssucmter.hpuleiusquoque,

95 3994 283 4049 confricatioui
294 3992 435 4065 prodesse,
450 3990 523 4064 quod
536 3990 609 4044 lassi-
653 4006 678 4043 c.
694 4008 751 4043 xcrr
760 4030 768 4055 ,
778 4003 798 4043 t.
814 3993 830 4041 6
843 4008 871 4043 :-
881 3985 922 4041 sd
936 3988 1057 4041 tertianas
1069 4006 1076 4041 ε
1088 3988 1166 4041 Pulc·

96 4070 219 4129 tudinem
233 4073 332 4143 pariter
344 4072 464 4142 respicit.
474 4070 565 4123 Iliso.
653 4070 691 4139 gii
700 4070 816 4123 mutulos
826 4083 877 4121 tres
888 4070 947 4121 lans
960 4068 1093 4121 involutos
1104 4066 1170 4121 odu-

142 4150 609 4225 18.Nsmorurs.apnl.c.xcrr,t.ri:
653 4162 694 4203 ret
706 4162 767 4202 ante
779 4148 964 4203 acceuiouem.
977 4174 988 4195 ·
1008 4146 1099 4202 lisso.
