2925 5009
260 446 321 537 'lio
540 454 577 521 C.
608 452 778 520 Pnlrtlt
806 454 914 519 NAT.
944 454 1074 521 HIST.

238 611 249 651 1
322 586 402 669 ΧΠ.
421 584 548 653 Natura
567 598 600 651 et
618 583 780 678 plantaria
799 582 1058 671 demonstravit,
1074 582 1273 654 multorum¹
1294 610 1349 653 ra·

268 689 396 759 dicibus
419 688 602 783 pullulante
624 688 739 759 sobole
762 689 880 773 densa,
901 705 935 759 et
959 693 1107 783 pariente
1130 705 1237 760 matre
1257 716 1347 785 quas

267 794 410 865 enecetffi
428 796 509 927 Ejus
525 797 648 915 quippe
666 796 786 865 umbra
804 796 902 869 turbo
920 796 1081 915 indigesta
1096 799 1281 917 premitur:
1305 814 1349 865 ut

216 914 220 923 '
268 904 301 969 in
324 886 441 971 Ιιιιιιίε3
451 903 628 996 ‚punicis,
652 901 819 996 platanis,-
843 904 984 985 cerasis,
1005 904 1131 1004 prunis.
1152 904 1348 971 Paucorum

268 1010 302 1075 in
322 1008 386 1077 hoc
405 1032 526 1102 genere
545 1010 626 1076 romi
646 1023 789 1106 parcunt
808 1008 934 1091 soboli,
950 1024 991 1081 ut
1005 1008 1191 1092 ulmorum,
1197 1009 1348 1128 palme·

269 1138 420 1208 rumque.
450 1113 557 1184 Nullis
578 1139 656 1184 vero
675 1113 756 1183 tales
773 1102 912 1209 pulluli⁴
928 1117 1150 1209 proveniunt,
1171 1117 1231 1188 nisi
1258 1140 1347 1209 qua·

268 1244 341 1288 ιιιιιι
362 1220 488 1291 radices
509 1245 623 1291 aurore
630 1220 726 1290 solis
747 1235 846 1315 atque
871 1219 1019 1291 imbris
1010 1245 1194 1290 insomnia
1220 1220 1348 1290 tellure

234 1328 461 1419 ²sputiantur.
479 1329 601 1396 Omnia
619 1352 658 1396 ea
676 1329 872 1396 nonstntim
888 1330 989 1397 moris
1007 1330 1109 1397 estin
1129 1351 1189 1401 sua
1196 1313 1348 1412 ⁵loceri‚

265 1432 322 1501 sed
349 1436 440 1528 prius
462 1434 584 1503 nutrici
613 1432 709 1520 dari,
733 1448 832 1527 atque
859 1435 893 1501 in
916 1435 1100 1503 seminariis
1127 1433 1345 1520 adolescere,

263 1540 449 1633 iterumque
470 1542 620 1633 migrare.
645 1486 713 1628 Qui
736 1541 893 1609 transitus
915 1544 1035 1608 mirum
1057 1541 1090 1608 in
1114 1539 1251 1610 modum
1274 1542 1346 1608 rni-

265 1646 348 1737 tignt
360 1648 459 1715 etiam
475 1644 639 1715 silvestres
654 1673 662 1715 ε
677 1647 746 1713 sive
764 1645 922 1715 arborum
942 1670 1093 1741 quoque,
1111 1660 1148 1717 ut
1162 1646 1345 1716 hominum

266 1766 402 1839 natura,
420 1752 578 1821 novitatis
592 1777 631 1821 oe
645 1753 919 1846 peregrinationis
940 1752 1034 1821 avido
1052 1766 1119 1821 est:
1142 1754 1212 1822 sive
1230 1752 1348 1823 disoe-

156 1946 160 1953 .
265 1857 381 1925 dentes
414 1858 504 1925 vitus
535 1856 740 1961 relinquunt,
762 1874 1065 1987 mansuescuntque
1090 1873 1255 1945 tractatu,
1279 1885 1348 1930 cett

267 1960 361 2046 scre,
389 1962 469 2039 dum
490 1962 591 2043 radici
609 1961 762 2053 evellitur
783 1950 928 2059 plautul

268 2150 303 2225 de
323 2172 429 2237 Citreo,
447 2172 497 2225 loe.
510 2174 555 2227 cit.
570 2174 671 2229 -sniat
684 2185 782 2228 terram
868 2181 894 2238 4.
911 2174 984 2225 Tales
991 2174 1091 2243 pulluli.
1107 2174 1238 2228 Stolones.
1251 2174 1350 2229 Pullos

267 2250 376 2305 rarioris
397 2262 514 2316 naturae,
540 2254 635 2307 colunt
648 2251 783 2317 calidum,
826 2254 1351 2325 ethtovocrt,cep.u:·Propegatio

268 2334 463 2401 humoremque
477 2332 632 2385 continuum
635 2372 683 2385 .....
695 2330 783 2386 Sedei
826 2351 986 2403 pomorum,
1011 2332 1178 2405 aliarumque
1202 2335 1347 2389 arborum.

269 2410 330 2483 quis
345 2410 396 2463 hoe
409 2428 505 2481 genoe,
518 2424 549 2463 ut
562 2412 590 2463 in
609 2412 717 2482 regione
739 2412 784 2465 fri·
827 2413 870 2464 Ab
882 2411 978 2465 arbore
996 2412 1044 2467 ulis
1061 2425 1131 2467 terra
1150 2414 1218 2483 pulli
1232 2416 1280 2485 qni
1296 2436 1347 2469 na·

268 2490 330 2561 gidu
343 2490 489 2555 nutrietur,
504 2504 657 2561 extorqoeu
667 2491 726 2543 loco
741 2490 784 2543 vel
826 2504 947 2552 secutur,
963 2509 1012 2545 eoo
1022 2492 1050 2544 in
1064 2504 1163 2545 terram
1177 2491 1349 2564 deprimito,

269 2569 417 2640 perietibus
430 2570 552 2633 munito,
565 2572 607 2623 vol
619 2572 646 2622 iu
660 2569 785 2623 meridio-
826 2571 1003 2642 extollitoque
1015 2572 1161 2642 primorem
1172 2586 1291 2643 purtem,
1305 2578 1347 2628 uti

269 2668 330 2702 nom
350 2661 453 2721 pertem
475 2667 551 2701 verso
566 2648 691 2721 disponet
714 2650 783 2705 hene
826 2648 942 2703 redicem
956 2651 1060 2721 capiet,
1073 2665 1144 2704 eto.»
1172 2653 1228 2705 Nos
1244 2656 1346 2725 vulgo,

271 2728 409 2789 arborem,
424 2740 476 2781 etc.
488 2754 499 2775 ι
518 2728 608 2782 llum.
815 2730 937 2801 'rejetone
948 2730 1020 2782 Hinc
1032 2732 1143 2784 verbum
1156 2734 1281 2802 pultadum
1296 2735 1346 2788 de·

312 2808 373 2861 Xll.
402 2826 427 2862 r.
451 2808 584 2859 Multarum
608 2808 738 2861 radicibus.
760 2810 783 2860 E
827 2808 953 2875 ductum,
974 2811 1050 2881 quusi
1071 2812 1188 2881 pulluloe
1202 2814 1346 2875 emittere,

272 2887 415 2940 multarum
432 2886 558 2939 orborum
579 2886 721 2941 radicibus.
736 2888 783 2940 Se·
827 2888 901 2960 quod
910 2902 938 2942 et
949 2890 1124 2960 pulluleecere
1136 2892 1280 2945 Columell.
1294 2896 1347 2958 tv,

270 2966 387 3020 cundum
397 2964 501 3019 serendi
510 2982 594 3036 genus
602 2967 723 3037 superius
730 2986 784 3024 mo·
829 2986 860 3038 ιι
870 3006 877 3033 ,
889 2967 966 3022 dixit.
984 2966 1073 3021 Hirro.

272 3045 535 3116 nroratutnerplicat.
553 3046 642 3099 Hrno.
842 3040 845 3042 Α
869 3048 895 3103 5.
918 3049 977 3101 Non
1001 3053 1085 3101 statim
1106 3056 1180 3103 moris
1199 3064 1236 3103 est
1259 3055 1285 3103 ιἰι
1299 3074 1345 3104 suu

313 3148 337 3181 η.
356 3128 424 3196 Quas
437 3137 523 3177 erueret.
539 3127 781 3197 Remorumopoci-
827 3129 910 3183 locari.
929 3130 970 3181 Ite
984 3128 1062 3181 MSS.
1076 3130 1141 3200 lleg.
1154 3131 1275 3186 Colbert.
1291 3147 1345 3187 ete,

271 3221 333 3260 tute.
345 3206 440 3277 Virgil.
463 3204 587 3276 Georgie.
608 3207 649 3270 ll,
669 3226 706 3257 te.
725 3207 761 3260 53
775 3224 782 3258 :
827 3208 859 3259 ln
872 3226 920 3261 tua
934 3220 1018 3272 terre,
1033 3208 1138 3272 stabili,
1152 3223 1236 3274 certe,
1247 3212 1275 3263 in
1289 3231 1346 3284 qua

274 3314 285 3334 ι
298 3286 353 3340 Nec
363 3304 418 3339 non
428 3298 455 3339 et
465 3286 576 3350 sterilis,
588 3304 647 3356 quae
657 3286 784 3357 stirpibus
826 3304 933 3357 semper
946 3287 1105 3353 consistent,
1120 3286 1192 3342 unde
1205 3292 1345 3345 transferri

271 3367 325 3419 exit
338 3366 372 3419 ub
389 3365 477 3421 imis...
492 3366 570 3419 Nunc
586 3367 644 3418 oltae
662 3364 783 3430 frondet,
826 3366 906 3419 nefas.
919 3364 1011 3421 lltno.

271 3458 297 3497 ct
318 3445 385 3497 renti
405 3446 497 3499 metris
515 3458 642 3516 opacent,
656 3444 784 3497 Crescen-
869 3449 895 3499 6.
918 3446 984 3497 Dum
1008 3448 1086 3499 radici
1112 3450 1225 3499 avellitur
1242 3451 1343 3519 planta.

270 3526 343 3595 tique
356 3525 478 3578 adimunt
496 3526 575 3589 letus,
594 3535 730 3594 uruntque
748 3524 785 3576 le·
827 3525 933 3577 Certior
943 3526 1038 3591 lectio,
1047 3528 1075 3579 ni
1087 3527 1175 3591 fallor,
1185 3530 1241 3581 dum
1253 3531 1344 3582 mdtctt‘

271 3616 384 3658 rentem.
397 3628 409 3650 ι
426 3604 451 3656 Η
455 3620 517 3657 ιιι).
828 3606 939 3657 avellitur
948 3606 1044 3674 planta.
1055 3607 1181 3677 Appellat
1191 3609 1263 3660 enirn
1274 3612 1343 3662 rudt-

312 3682 338 3736 3.
356 3684 392 3735 tle
402 3687 428 3736 in
442 3685 526 3735 Ιαιινίι.
538 3684 614 3754 Virg.
628 3684 727 3753 Georg.
741 3684 781 3742 11,
827 3688 862 3735 cis
869 3686 996 3754 plantam,
1009 3685 1199 3748 viviradicem,
1213 3701 1243 3741 ut
1254 3688 1282 3740 in
1295 3690 1344 3747 ini·

271 3782 339 3816 sero.
356 3782 388 3832 ¹7
402 3781 408 3815 ε
423 3763 558 3816 ·Pullulut
569 3766 602 3815 ab
618 3761 708 3815 radice
724 3763 783 3816 uliis
828 3764 867 3815 tio
883 3764 963 3835 hujus
981 3784 1039 3835 oep.
1055 3792 1067 3812 ι
1078 3765 1136 3819 Aut
1155 3767 1226 3820 euim
1240 3769 1344 3821 semine

270 3842 423 3895 ‹tensioima
433 3840 510 3895 silve:
525 3844 562 3895 Ut
576 3844 678 3905 cerasis,
691 3842 781 3897 ulmis·
827 3844 1007 3912 proveniunt,
1025 3857 1072 3897 aut
1088 3844 1185 3897 radicis
1204 3847 1310 3916 plentis.
1328 3874 1340 3894 .

270 3940 337 3991 que;
353 3922 430 3975 etiam
448 3921 580 3975 Parnassia
596 3922 684 3974 laurus
700 3922 781 3976 Parte
828 3923 1027 3976 Pium-Dum
1041 3924 1120 3975 rediri
1133 3926 1253 3978 avellitur.
1269 3927 1341 3979 Dum
1408 3976 1414 3987 ,

270 4002 319 4053 ¹sul)
331 4001 433 4070 ingenti
454 4001 544 4063 matris
559 4020 586 4053 se
600 4002 706 4071 subjicit
723 4020 781 4057 um·
825 4002 850 4053 ei
871 4015 947 4055 terro
963 4003 1087 4072 eripitur,
1105 4006 1151 4056 ubi
1169 4003 1272 4058 radices
1285 4006 1340 4077 pri

271 4082 347 4133 bra.»
367 4078 458 4134 Ηιιιιι.
826 4098 899 4134 ιιιιιιιι
912 4082 973 4154 egit.
988 4081 1078 4147 Hinn.
