2925 5009
535 466 692 535 arnan
715 468 797 537 xx.
1131 466 1237 541 605-
1301 572 1302 575 ¹
1352 524 1360 541 .

130 587 275 685 demque
283 588 439 663 discoctis
453 614 462 657 z
477 588 597 660 deinde
606 586 630 614 ¹¹
642 591 799 679 saccatis,
812 590 998 686 iterumque
1012 616 1089 663 cum
1107 594 1204 665 mello
1233 668 1236 675 ,

130 696 279 768 decoctis
296 696 339 767 ad
356 696 510 767 dimidias
522 711 634 792 partes
648 721 774 791 vapore
792 698 893 767 tenui.
905 696 1070 769 Addidere
1088 716 1204 797 postea

130 801 340 874 drachmas¹²
370 826 467 873 acuas
496 804 605 891 croci,
637 802 893 897 hypocisthidis,
920 804 1045 893 thuris,
1070 808 1203 895 acaciae,
1277 872 1283 881 .

129 922 164 977 et
179 911 268 1004 passi
282 910 405 981 Cretici
417 912 606 979 sextarium.
626 912 706 979 llaec
718 911 938 980 ostentatione
956 935 963 978 :
980 910 1118 1008 simplex
1132 916 1204 1009 qui·

129 1013 207 1084 dem
222 1030 258 1083 et
273 1016 409 1110 antiqua
427 1013 482 1085 illa
499 1014 676 1098 salubritas
691 1038 858 1115 papavere
879 1030 913 1087 et
927 1016 1024 1088 melle
1042 1034 1181 1091 constat.

182 1122 328 1191 Lxxx.
355 1120 523 1191 Tertium¹
546 1146 651 1217 genus
672 1136 722 1191 est
747 1122 962 1217 tithymalon,
984 1148 1124 1196 mecona
1147 1152 1203 1197 vo-
1224 1162 1233 1197 ι

128 1242 229 1313 cant,
242 1226 298 1298 alii
314 1227 482 1323 paralion,
503 1225 605 1298 folio²
625 1226 702 1315 lini,
722 1226 819 1314 albo,
838 1230 946 1339 capita
965 1232 1202 1325 magnitudinis

129 1319 247 1404 tabet
275 1320 471 1430 Colligitur⁴
497 1358 563 1403 uva
579 1333 729 1404 florente.
751 1336 901 1405 Siccatur
925 1336 959 1405 in
981 1336 1108 1407 umbra.
1140 1342 1201 1410 Se-

128 1426 231 1511 men⁵
247 1453 365 1535 potum
386 1452 508 1537 purgat
528 1438 659 1520 alvum,
679 1440 816 1512 dimidio
837 1440 1011 1513 acetabulo
1030 1446 1064 1513 in
1083 1444 1200 1515 mulso.

128 1545 381 1642 cujuscumque
396 1561 508 1617 autem
521 1548 695 1642 papaveris
708 1562 809 1642 caput
824 1546 940 1635 viride,
950 1547 1001 1618 rel
1011 1550 1152 1641 siccum,
1162 1552 1200 1623 il·

128 1652 225 1723 litum
237 1653 416 1749 epiphoras
434 1651 609 1723 oculorum
627 1651 717 1723 lenit.
735 1655 860 1748 Opium
877 1678 919 1723 ex
936 1652 1016 1726 vino
1034 1657 1201 1734 meraculo

127 1760 157 1827 si
179 1761 333 1854 protinus
350 1757 458 1847 detur,
477 1760 691 1854 scorpionum
713 1759 835 1829 ictibus
851 1760 980 1830 resistit.
1005 1760 1115 1857 Aliqui
1135 1764 1200 1836 hoc

129 1880 260 1935 tantum
271 1866 369 1961 nigro
386 1866 557 1953 tribuunt,
572 1866 598 1935 si
613 1866 723 1962 capita
740 1865 810 1959 ejus
829 1864 881 1935 vel
894 1866 971 1935 lolia
987 1882 1146 1941 terantur.

182 1974 343 2042 Lxxxt.
357 1962 449 2063 (xx.)
465 1970 541 2041 Est¹
556 1986 589 2041 et
604 1970 789 2067 porcilaca,
805 1996 906 2067 quam
923 1972 1047 2068 peplin¹
1061 1992 1198 2063 vocant,
1222 2006 1232 2041 ι

172 2206 219 2243 tt.
237 2187 343 2239 Deinde.
358 2182 392 2239 ld
412 2197 469 2249 eet,
480 2183 584 2239 colatis.
599 2184 643 2239 Sic
686 2202 741 2255 qno
756 2184 856 2238 tructus
870 2184 925 2238 ervi
942 2185 1142 2259 magnitudine,
1154 2208 1202 2243 co·

127 2269 214 2322 Herae
224 2266 342 2320 medicos
355 2263 427 2339 apud
441 2264 535 2319 Galen.
547 2264 565 2317 1.
579 2283 603 2319 c.
614 2283 642 2336 p.
684 2262 743 2317 lore
758 2263 868 2337 rariuaf
883 2263 932 2319 llos
945 2266 1030 2319 albus.
1047 2268 1149 2321 Daue.
1160 2302 1201 2315 -.

127 2348 185 2403 563
198 2365 206 2401 :
217 2348 274 2401 Καὶ
288 2344 424 2411 dealdune,
436 2365 460 2398 a·
475 2366 500 2400 τ.
513 2352 537 2399 λ,
550 2342 642 2399 fluo.
685 2342 875 2413 Magnitudinis.
893 2342 990 2416 Capite
1003 2346 1091 2419 inquit
1110 2348 1199 2405 Diosc.

172 2446 216 2482 ro.
230 2427 375 2479 omum.
387 2426 448 2479 Non
460 2424 642 2497 singulorum,
685 2421 705 2477 l.
724 2442 749 2476 c.
771 2424 799 2477 in
819 2424 957 2478 cacumine
976 2427 1142 2493 orbiculato,
1171 2430 1199 2483 in

126 2506 176 2561 aed
197 2507 322 2561 omniurn
345 2505 426 2560 simul
444 2521 582 2577 generum.
599 2504 642 2558 Sic
684 2519 739 2574 quo
750 2520 841 2557 acmen
853 2502 909 2557 ervi
922 2504 1008 2559 airnile
1023 2506 1200 2567 continetura

127 2588 228 2655 Heras,
247 2588 431 2651 Damooeatee,
441 2581 643 2655 Sonnuaapnd
684 2582 800 2652 Kapatrls
813 2578 844 2635 dl
858 2586 899 2637 ln·
914 2584 987 2655 dapes
1003 2594 1132 2659 πιριφιρῆ,
1147 2580 1199 2655 ivd

127 2668 278 2735 Galennm,
287 2666 309 2719 l.
321 2684 345 2720 c.
359 2666 451 2721 flauo.
685 2661 698 2713 d
713 2665 807 2733 καρπὸς
819 2664 850 2725 ὣς
861 2660 953 2735 ὄροίος.
963 2664 1010 2719 Eat
1021 2678 1109 2723 autem
1121 2668 1199 2733 laba,

168 2748 281 2801 Lm
319 2764 344 2800 ι.
381 2747 499 2799 Tertiam.
522 2744 563 2797 De
585 2761 641 2813 quo
683 2738 911 2813 quemadmodum
928 2760 1035 2810 ervum,
1052 2744 1133 2817 plone
1153 2766 1199 2801 ro·

127 2826 220 2881 nim.
234 2828 287 2893 lv,
303 2825 358 2881 165
374 2816 589 2894 :Odlasepelaoe
603 2842 642 2875 τι·
683 2818 787 2887 tanda,
800 2820 1092 2892 utdiximaa,XV111,
1108 2824 1197 2881 tan.

125 2907 288 2979 &patenis
300 2906 357 2960 latet
367 2898 517 2978 aupald«
527 2903 544 2961 'l
555 2902 640 2974 palm·
725 2898 751 2959 l.
772 2900 906 2970 Colligitur
922 2921 967 2955 uva
976 2904 1092 2975 florente.
1113 2906 1201 2960 Theo·

124 3006 159 3041 να
183 2988 312 3041 Ιιάλισαν.
342 2985 447 3040 Dicitur
472 2980 507 3037 de
529 3000 563 3037 eo
584 3000 642 3036 rur»
682 2974 825 3052 pheltiae.
840 2980 896 3045 IX,
919 2999 962 3035 ra.
978 2980 1071 3039 Haan.

125 3085 205 3135 sum,
221 3066 270 3119 lib.
290 3066 400 3130 xm,
425 3070 472 3128 4¹·
491 3062 524 3115 ln
545 3060 642 3115 Indice
725 3062 752 3115 ⁵.
766 3058 859 3114 Semela.
881 3060 1003 3115 Dioscor.
1022 3062 1041 3117 l.
1062 3082 1086 3119 c.
1108 3070 1199 3129 πλῆθος

125 3163 239 3219 quoque
251 3148 317 3217 Reg.
334 3160 366 3212 a,
383 3156 437 3200 etc.
449 3141 582 3216 paralium
596 3160 642 3193 vo·
681 3138 787 3210 alpiam<
803 3137 922 3212 diussdpcu
935 3144 1094 3214 ποτιζόμενα.
1109 3144 1145 3199 Η.

126 3238 214 3282 eatur.
226 3224 320 3279 ann.
336 3256 377 3269 -
395 3220 539 3294 Euptodo
557 3219 640 3273 Pera·
722 3218 1195 3289 Lxxxl.1.asr.1nress.0mnea,

127 3308 177 3359 liae
190 3302 296 3369 (Μαι.
313 3308 405 3376 ινίηκ.
419 3302 499 3356 Liun
514 3300 641 3373 Erplaord.
683 3309 741 3352 turn
754 3298 806 3353 hoc
822 3300 895 3365 loco,
905 3312 962 3354 tum
974 3302 1001 3354 in
1014 3300 1107 3356 Indice
1118 3302 1198 3377 hujus

124 3383 219 3449 sm),
233 3386 288 3439 En.
682 3377 755 3431 libri.
777 3377 864 3440 Editi,
888 3405 900 3427 ·
929 3393 968 3435 est
992 3388 1020 3433 et
1043 3384 1199 3453 portulaca,

171 3486 197 3519 a.
214 3464 296 3517 Folio.
317 3463 396 3517 Prius
409 3461 562 3534 legebatur,
574 3460 642 3527 solae
683 3475 764 3529 φιαω
771 3458 911 3531 peplion.·
922 3458 1100 3532 Hippocrates
1111 3475 1198 3517 tamen

125 3546 191 3599 daei.
206 3546 239 3598 ln
252 3542 330 3598 MSS.
344 3544 409 3614 lieg.
426 3542 504 3597 Colb.
518 3540 640 3608 etc-folio
683 3538 896 3610 peplionvocat,
913 3538 1198 3612 inquitOribaa.X11,

124 3627 183 3679 teat.
194 3624 252 3679 Noe
261 3618 639 3694 intrepideliaireacribimue,
682 3635 743 3690 pag.
758 3636 790 3671 ar
800 3636 825 3671 r.
840 3616 932 3669 Hero.

124 3702 316 3760 aDioecoride
330 3699 475 3765 admoniti,
492 3702 569 3769 cujus
579 3700 639 3753 hnc
726 3715 752 3750 a.
774 3698 855 3767 Quem
870 3698 953 3771 peplin
972 3710 1070 3754 vocant.
1084 3700 1199 3757 Temere

124 3785 215 3839 oratio
223 3778 639 3850 eet,indescribendotitlrynaalo
682 3776 940 3832 Pliniuaailreatrcm
953 3776 1198 3853 portarlacam'ejua-

124 3864 237 3937 paralio,
245 3863 294 3917 lib.
304 3864 356 3928 IV,
372 3861 441 3923 165.
454 3860 532 3931 olm
542 3858 640 3913 decaden
683 3854 745 3910 dem
756 3857 861 3928 generis
871 3876 902 3911 ac
915 3872 1016 3913 nature
1029 3878 1091 3914 curu
1102 3862 1197 3927 activa,

123 3946 194 3999 λίνα.
210 3942 304 3997 llam.
683 3935 735 3990 nisi
757 3934 832 4010 <prod
853 3950 949 4009 sponte
964 3939 1104 4011 provenit,
1126 3958 1196 3994 con-
1221 3988 1239 4009 ,

167 4001 195 4080 ι3.
210 4022 297 4095 Capite
309 4020 481 4093 meanis
489 4016 570 4087 fiala.
587 4017 639 4071 Cu·
682 4014 775 4071 l'nndit
788 4036 850 4071 curu
865 4018 958 4089 peplio
975 4017 1057 4072 herba
1070 4017 1196 4075 dirersis·

124 4105 183 4175 pite
192 4103 221 4157 in
235 4102 319 4158 caulis
334 4120 440 4157 sumnam
459 4096 592 4163 rotundo,
608 4097 638 4150 in
682 4096 766 4163 aima,
780 4094 842 4151 ideo
859 4109 976 4161 tantum,
996 4094 1071 4169 quod
1088 4100 1198 4173 peplion
