2925 5009
420 495 578 566 LIBER
614 497 758 565 XVlll.
1052 495 1122 568 325

116 623 215 690 Lxx.
242 625 453 711 sarmenta:
483 643 542 697 aut
563 627 732 724 palearum
759 651 915 714 acervos,
935 643 970 698 et
991 629 1121 700 evulsas
1143 675 1153 710 ,

73 723 176 794 herbas
189 727 406 826 fruticesque,
423 758 484 828 per
497 735 610 804 vineas
621 759 838 830 camposque,
854 760 958 830 quum
973 735 1122 822 timebis,

71 831 238 902 incenditur
252 837 367 908 fumus
379 838 572 942 medebitur.
582 843 645 910 Hic
660 865 679 908 e
693 839 796 936 paleis
813 855 847 910 et
857 853 974 910 contra
984 839 1122 912 nebulas

70 935 242 1028 auxiliatur,
255 942 315 1011 ubi
329 943 458 1014 nebulae
470 961 600 1016 noceat
613 946 759 1035 Quidam
771 943 857 1016 tres'
873 971 1012 1017 cancros
1027 948 1121 1016 vivos

70 1046 192 1112 cremari
210 1047 334 1139 jubent
357 1052 391 1118 in
415 1050 575 1135 arbustis,
598 1067 635 1122 ut
657 1050 851 1122 carbunculi
873 1076 942 1121 uon
968 1067 1121 1122 noceant.

71 1143 122 1214 Alii
139 1137 247 1222 siluri³
267 1178 405 1224 caruem
423 1156 541 1226 leviter
560 1161 611 1227 uri
633 1181 653 1226 a
676 1173 792 1245 vento,
810 1173 848 1227 ut
869 1182 931 1253 per
948 1171 1052 1227 totam
1068 1160 1121 1227 vi-

70 1275 152 1322 neam
173 1256 289 1328 fumus
310 1259 531 1357 dispergatur.
554 1267 663 1334 Varro
680 1277 799 1334 auctor
817 1277 884 1348 est,
911 1265 940 1332 si
967 1263 1123 1334 Fidicula
1190 1331 1214 1359 ‚

70 1380 190 1448 occasu,
206 1365 299 1459 quod
313 1381 365 1436 cst
381 1369 511 1438 initium
534 1371 699 1457 autumni,
718 1393 784 1439 uva
803 1370 891 1464 picta
911 1384 1124 1440 consecretur

69 1463 245 1556 interrites,
262 1473 374 1542 minus
388 1499 508 1544 nocere
521 1489 742 1571 tempestates.
760 1475 937 1544 Archibius
950 1475 994 1544 ad
1009 1478 1122 1546 Antio·

70 1567 154 1640 cbum
182 1577 288 1669 Syriae
316 1603 429 1674 regem
458 1583 589 1676 scripsit
615 1598 625 1646 t
649 1583 684 1651 Si
704 1569 817 1650 fictili⁴
845 1605 935 1650 novo
959 1580 1122 1684 obruatur

69 1674 170 1747 mbeta
183 1706 266 1752 rana
280 1685 316 1751 in
331 1685 438 1756 media
453 1702 580 1782 segete,
601 1713 668 1758 non
684 1711 756 1756 esse
771 1688 887 1756 noxias
901 1701 1120 1782 tempestates.

111 1784 229 1857 Lxxt.
247 1791 364 1884 Opera
376 1791 517 1862 rustica¹
537 1793 637 1887 bujus
652 1791 834 1878 intervalli,
850 1807 974 1862 terram
986 1793 1121 1880 iterare,
1142 1824 1153 1857 ι

68 1909 163 1974 arare,
184 1894 326 1965 arbores
344 1897 587 1968 circumfodere
609 1924 617 1967 :
641 1897 697 1968 ubi
719 1912 860 1968 aestuosa
878 1898 971 1993 regio
988 1913 1121 1993 poscat,

69 1996 275 2070 accumulare.
293 2003 539 2089 Germiuantia,
557 2005 618 2074 nisi
632 2007 665 2074 in
679 2003 751 2074 solo
765 2000 952 2088 luxurioso,
967 2001 1122 2073 fodienda

69 2121 126 2168 uon
150 2119 235 2174 sunt.
266 2109 451 2178 Seminaria
476 2112 611 2204 purgari
642 2108 784 2180 sarculo.
813 2111 958 2179 Messem
981 2108 1122 2180 hordea·

70 2227 148 2276 cutm
164 2209 286 2283 facere.
307 2212 446 2283 Arcam²
467 2215 511 2284 ad
529 2240 667 2288 messem
689 2229 779 2285 creta
800 2239 1005 2312 praeparare,
1020 2218 1123 2287 Cato·

101 2431 177 2490 LXX.
196 2455 221 2491 1.
237 2438 377 2494 samma
391 2439 469 2495 Nunc
481 2459 567 2495 reme·
649 2446 677 2503 4.
694 2439 725 2494 St
735 2420 813 2510 fictili
826 2459 886 2495 noro
904 2440 1021 2493 obruam
1037 2440 1122 2494 rubeta

72 2505 237 2586 lhproponit
253 2515 382 2578 advertus
395 2519 567 2592 rubiginem,
608 2538 678 2574 ram.
701 2520 834 2572 Ultimum
852 2521 966 2574 verbum
985 2539 1043 2573 non
1065 2539 1122 2574 esse

72 2605 151 2658 quaet
162 2596 269 2652 Colum.
287 2598 333 2650 lib.
351 2597 386 2652 de
397 2599 465 2653 Arb.
478 2619 502 2654 c.
519 2602 566 2654 13:
607 2599 725 2652 auctoris
746 2598 889 2665 exitam,
910 2596 957 2653 scd
977 2600 1122 2670 expositio·

74 2668 226 2746 rllerubigo
246 2677 454 2732 vineamuexet.
477 2678 567 2732 Palea·
608 2695 671 2730 uem
695 2676 870 2749 procedentis
887 2696 904 2731 a
924 2677 1024 2732 lectore
1039 2679 1122 2732 inscr-

73 2763 122 2801 mn
140 2771 243 2810 scenos
265 2757 337 2808 inter
357 2756 464 2810 ordines
484 2777 568 2812 verno
608 2769 671 2810 tam.
684 2757 766 2810 Ptnr.

73 2839 175 2898 tempore
194 2836 405 2906 positoshabeto
427 2837 456 2889 in
470 2837 566 2892 vinca:
647 2836 746 2889 Lxxt.
764 2853 788 2890 ι.
804 2835 888 2906 Opera
902 2838 1000 2889 rustica.
1017 2837 1122 2899 Varro,

73 2923 140 2975 qnam
152 2911 234 2984 frigas
253 2927 348 2970 contra
360 2916 488 2988 temporis
502 2931 567 2970 oon-
608 2915 656 2968 lib.
669 2916 702 2980 1,
715 2931 775 2985 cap.
785 2915 838 2980 33,
851 2914 994 2970 Columell.
1005 2915 1053 2969 lib.
1065 2916 1122 2983 Xl,

73 2988 570 3060 uafflemmretlexerirpmneacer·
608 3013 667 3066 cap.
686 3013 712 3048 a.
729 2995 831 3047 Dauc.

73 3080 112 3118 tus
123 3067 255 3128 incondito
266 3092 274 3126 :
286 3074 323 3126 ita
343 3079 431 3126 turnus
443 3075 568 3128 nebulam
649 3094 674 3128 a.
696 3073 797 3127 Ama.
853 3112 876 3126 ..
896 3085 963 3125 creta
972 3091 1121 3143 preparare.

75 3156 96 3196 et
110 3150 253 3221 rubiginem
277 3153 459 3207 removebit·
482 3153 570 3208 Habet
609 3153 688 3210 earo.
700 3169 757 3224 cap.
766 3168 864 3206 oxxrx:
874 3153 998 3215 abraam,
1010 3152 1059 3204 nbi
1068 3153 1123 3205 fra·

74 3221 115 3275 ¹100
126 3227 205 3298 ipram
219 3245 247 3286 et
265 3233 418 3303 Diophanes
439 3233 468 3287 in
481 3233 568 3304 Gcop.
610 3245 731 3286 mentum
746 3243 858 3292 teratur,
872 3232 909 3284 sic
918 3231 1006 3285 iacies.
1020 3231 1122 3285 Confo-

75 3300 113 3356 llb
122 3307 154 3374 V,
166 3327 222 3381 cap.
237 3311 287 3366 31.
300 3311 395 3366 Hran.
610 3309 698 3366 dictur
719 3311 823 3364 minute
848 3322 944 3374 terra,
965 3323 993 3363 et
1015 3327 1122 3364 amurca

108 3401 130 3435 ²·
148 3389 254 3456 (liddam
267 3407 323 3444 tm.
340 3391 384 3444 Sic
397 3391 526 3462 Apuleius
539 3392 568 3444 in
609 3390 678 3444 benc
700 3399 911 3460 conspergatur,
936 3401 967 3441 nt
986 3389 1124 3442 combibat

75 3458 148 3534 Geop.
159 3467 208 3522 loc.
224 3471 271 3523 cit.
283 3471 377 3524 Bran.
609 3468 847 3541 quamplurimum.
856 3468 913 3521 Ubi
926 3467 996 3521 bene
1008 3468 1126 3521 commi-

109 3541 131 3595 3.
142 3547 194 3600 Atat·
206 3551 287 3602 siluri.
304 3553 406 3604 Auctor
418 3549 503 3622 Goop.
517 3549 569 3603 loc.
609 3561 676 3602 nuta
684 3560 754 3601 terra
765 3547 860 3612 fuerit,
871 3559 899 3600 at
907 3565 1044 3600 amurcm
1051 3565 1125 3600 com·

76 3617 112 3672 rit.
122 3627 181 3688 Τινὲς
191 3625 222 3683 ‹ll
232 3631 339 3700 σίλουρον
359 3631 400 3682 τὸν
413 3631 478 3697 ἰχθὺν
489 3648 570 3682 sara·
608 3627 724 3690 biberit,
740 3623 864 3696 cylindro
881 3632 928 3678 a'ut
945 3625 1065 3696 prricula
1077 3643 1124 3679 oo·

77 3703 190 3772 ῐψὸντις,
201 3709 299 3762 καίουσι
309 3707 377 3762 κατὰ
394 3708 570 3780 alamanus&
613 3718 737 3778 aquato,
759 3718 810 3759 etc.
829 3730 841 3753 ι
858 3706 926 3759 Cato
950 3716 1051 3758 cretam
1067 3723 1124 3757 non

77 3781 117 3834 tit
125 3786 188 3854 μέρος
194 3795 237 3842 τοῦ
245 3789 334 3860 χωρίου
342 3790 386 3844 τὴν
392 3789 469 3860 ὀσμὴν
477 3793 571 3841 ποιοῦν·
612 3786 734 3838 nominat
745 3803 752 3838 ε
764 3782 811 3837 scd
822 3784 925 3837 Plinius
941 3795 1041 3837 cretam
1058 3782 1126 3836 dixit

79 3876 119 3918 tlt·
129 3865 258 3930 ¹Quidam
271 3867 383 3920 silurum
397 3868 496 3938 piscatu
506 3885 570 3921 oon·
614 3881 720 3920 amurca
732 3860 1074 3935 temperandamvirgilids
1083 3863 1125 3914 ri·

79 3937 147 3994 ⁰le
166 3957 248 4000 urunt
272 3945 420 4000 secundum
441 3959 571 4010 ventum,
615 3943 704 3998 cimina
716 3961 850 3996 amurcam
860 3961 916 3995 non
931 3942 1067 4008 nominat,
1078 3938 1127 3995 aed

79 4033 152 4088 ’θρα
164 4042 254 4080 omnes
267 4026 386 4098 regionis
399 4039 487 4098 partes
503 4024 571 4080 odo·
616 4035 735 4076 cretam:
753 4021 853 4093 Georg.
866 4022 895 4086 1,
908 4040 934 4076 r.
947 4022 1019 4091 178:
1035 4020 1128 4075 -um

80 4111 285 4177 rrnspargunt„
301 4107 392 4160 Hanc.
617 4119 678 4174 cum
698 4100 793 4174 primis
813 4100 915 4173 ingenti
935 4097 1063 4174 nouanda
1081 4116 1129 4173 cp·

937 4192 1000 4295 2¹³
