2925 5009
313 425 376 514 154
581 431 619 498 C.
645 429 816 500 PLlNlI
842 431 952 499 Nar.
979 432 1108 500 fllsr.

305 579 404 658 atque
419 590 460 636 co
475 564 546 636 luto
560 562 722 646 obruere,
741 587 828 657 saepe
847 561 971 632 fodere.
988 563 1150 632 Oloarum
1162 563 1198 649 ¹⁷,
1213 567 1240 634 si
1257 589 1387 660 parum

305 673 489 766 promisere
507 671 653 756 nunus,
666 667 808 738 nudatas
825 669 954 739 radices
969 670 1113 739 biberno
1133 670 1249 764 frigori
1267 697 1388 766 oppo-

307 793 408 865 nunt,
435 803 539 874 eaque
567 776 781 870 castigatione
807 775 997 870 proficiunt.
1028 778 1154 846 Omnia
1173 777 1245 850 hae
1268 801 1417 847 annua.

309 885 379 954 culi
397 887 524 956 ratione
545 896 720 953 constant:
742 897 777 951 et
788 879 967 977 aliqnando
982 885 1086 954 serius
1104 899 1304 978 poscuntur,
1325 883 1387 952 ali·

308 992 443 1086 quando
456 991 606 1064 celerius.
621 993 691 1058 Neo
704 1013 773 1058 nou
784 990 870 1084 ignis
880 975 904 1014 ¹⁶
920 988 1044 1085 aliquid
1057 989 1212 1086 prodest,
1232 1005 1271 1060 ut
1280 1015 1386 1059 aruu-

275 1121 290 1178 4
309 1097 397 1168 dini:
413 1099 566 1169 ambusta
581 1119 726 1190 namque
739 1094 874 1166 densior
889 1099 1068 1192 mitiorque
1083 1098 1198 1192 surgit
1217 1099 1305 1167 Cato
1314 1093 1342 1134 ¹⁹
1351 1111 1388 1165 et

310 1204 553 1302 medicamenta
565 1202 715 1299 quadam
730 1205 921 1298 componit,
936 1228 1099 1274 mensura
1114 1227 1248 1298 quoque
1266 1203 1387 1272 distin·

312 1313 434 1400 ctione,
445 1311 487 1382 ad
503 1311 667 1404 majorum
680 1309 839 1378 arborum
854 1309 982 1380 radices
996 1309 1205 1405 amphoram,
1223 1310 1268 1379 ad
1279 1311 1389 1379 mino·

312 1442 386 1486 rum
396 1443 516 1488 urnam
530 1439 692 1503 amurca,
706 1429 740 1485 et
749 1439 843 1510 aquae
857 1419 1044 1511 portionem
1051 1439 1180 1511 aequam
1189 1470 1200 1503 ,
1210 1415 1387 1510 ablaquea-

309 1525 350 1593 tis
372 1526 464 1619 prius
485 1523 653 1594 radicibus
676 1519 836 1616 paulatim
857 1522 986 1593 affundi
1003 1524 1134 1616 jubens.
1158 1525 1200 1591 ln
1223 1521 1300 1592 olea
1318 1521 1388 1591 boc

310 1631 470 1725 amplius,
486 1631 673 1700 stramentis
690 1641 789 1698 antea
806 1630 1068 1725 circumpositis:
1086 1633 1167 1700 item
1183 1629 1262 1698 lico.
1274 1629 1387 1722 Hujus

310 1738 477 1832 precipue
489 1734 595 1806 vere²⁰
606 1751 730 1805 terram
743 1735 939 1830 adaggerari
953 1735 1140 1807 radicibus:
1155 1738 1201 1805 ita
1213 1735 1385 1820 futurum,

311 1857 349 1913 ut
370 1869 439 1912 non
455 1842 612 1914 decidant
628 1843 940 1938 grossi3majorque
957 1842 1161 1928 fecunditas,
1181 1867 1246 1911 nec
1266 1841 1386 1911 scabra

309 1952 492 2044 proveniat
514 1946 618 2020 Simili
643 1947 744 2019 modo
752 1946 789 2035 ²¹,
814 1973 857 2018 ne
886 1946 1106 2019 convolvulus
1129 1947 1190 2018 fiat
1210 1950 1246 2017 in
1268 1950 1384 2028 vinea,

353 2179 397 2230 ¹7·
424 2159 549 2214 olearum,
574 2158 654 2212 Plura
678 2156 823 2210 sterilitatis
870 2169 969 2210 murem
992 2169 1080 2210 ursum
1101 2157 1228 2211 inlibris
1255 2160 1384 2213 heterius

309 2241 430 2293 olearum
452 2237 570 2292 remedia
596 2234 714 2308 suggerit
731 2247 825 2290 rucmr
866 2237 947 2292 editis
956 2237 1103 2308 legebatur.
1116 2237 1209 2291 fluo.

309 2315 764 2389 Gaop.lib.IX,cap.ro.l1sun.
909 2335 955 2371 ar.
973 2315 1056 2369 Siata·
1077 2316 1158 2369 nodo.
1177 2317 1212 2370 Et
1238 2316 1294 2370 boc
1319 2318 1383 2371 Cato

348 2400 393 2452 18.
407 2397 461 2453 Nec
470 2415 519 2450 noa
527 2400 604 2468 ι’μὺ,
619 2408 671 2448 etc.
684 2393 823 2465 Tbeopbr.
867 2395 980 2451 totidem
993 2397 1095 2462 verbis,
1107 2414 1167 2468 csp·
1188 2413 1263 2451 xor:
1285 2423 1298 2445 ι
1310 2397 1384 2451 Con·

312 2477 381 2532 llist.
394 2478 505 2542 lib.1V,
518 2493 578 2547 cap.
594 2493 638 2528 ra.
653 2475 723 2528 Dar..
868 2477 992 2530 volvulus
1005 2477 1033 2529 in
1046 2476 1124 2530 muca
1132 2495 1168 2530 ne
1180 2477 1240 2541 siet,
1249 2493 1383 2530 ausurum

352 2577 399 2628 19.
414 2556 487 2611 Cato.
501 2558 567 2628 Cap
581 2551 824 2621 xerunotsmi
869 2555 997 2619 condito,
1023 2573 1120 2627 puram
1142 2557 1213 2609 bene
1236 2555 1335 2621 facito,
1355 2557 1383 2608 in

215 2635 219 2644 '
309 2637 429 2692 fructum
454 2653 511 2689 nou
534 2636 619 2697 ieret,
648 2634 824 2706 ablaqueatoa
867 2637 1042 2692 mabenum
1057 2633 1145 2689 indito
1163 2636 1277 2708 congios
1301 2635 1382 2689 duos:

310 2713 827 2789 postesstraure‘ntacircmuponitofflo·
868 2728 959 2789 postea
972 2716 1030 2788 igni
1048 2716 1103 2769 leui
1116 2717 1243 2787 coquito,
1264 2714 1381 2769 rudicula

225 2813 228 2824 ·
310 2809 508 2851 stessruurcsm
520 2793 827 2864 cumnqnscomuaisce·
869 2797 967 2867 agitato
988 2797 1102 2861 crebro,
1124 2793 1299 2868 usqueadeo
1320 2794 1382 2849 dum

311 2889 341 2930 to
357 2893 444 2946 equas
456 2885 553 2947 partes.
568 2870 673 2926 Deinde
684 2871 719 2926 ad
737 2873 826 2926 oleam
869 2877 917 2930 fist
927 2887 981 2929 tam
993 2893 1200 2947 menumquam
1213 2876 1278 2928 mel.
1292 2875 1382 2928 Postes

311 2953 539 3010 circumfunditu:
555 2951 589 3006 ad
605 2953 728 3006 arborem
743 2953 827 3005 maxi·
870 2956 968 3010 sumito
993 2953 1132 3008 bituminis
1156 2955 1330 3021 marinna,
1356 2965 1382 3006 et

311 3031 550 3106 mamsmphorsm
565 3031 696 3086 committi
708 3043 750 3085 sat
764 3043 825 3084 est:
871 3035 1007 3107 sulphuris
1038 3035 1211 3106 quartarium.
1243 3034 1381 3088 Conterito

311 3115 346 3170 ad
368 3114 485 3169 minores
512 3114 622 3166 arbores
649 3129 699 3182 pro
722 3112 827 3165 ratione
870 3116 897 3168 iu
929 3115 1060 3168 mortario
1085 3121 1205 3169 seorsum
1230 3125 1380 3185 utrumque.

312 3193 408 3248 indito.
428 3194 463 3246 Et
478 3191 550 3246 idern
574 3193 626 3246 boc
652 3191 675 3245 si
698 3190 778 3244 facies
791 3191 826 3245 sd
870 3195 965 3248 Postea
981 3195 1092 3248 initiato
1111 3213 1193 3267 quam
1210 3194 1382 3248 minutissime

312 3275 420 3331 arbores
431 3273 580 3338 fessosque
589 3287 696 3343 quoque
705 3270 828 3324 meliores
870 3275 901 3328 iu
925 3292 1067 3328 amurcam
1092 3273 1221 3339 caldam,
1254 3287 1282 3327 et
1306 3270 1382 3327 simul

312 3355 379 3408 lieut
391 3373 398 3407 r
411 3351 445 3407 ad
463 3370 506 3406 eas
520 3365 608 3405 umen
623 3361 767 3404 strumenta
789 3369 826 3403 ue
868 3353 991 3408 rudicula
1004 3355 1129 3421 misceto,
1139 3367 1166 3409 et
1174 3353 1265 3407 denuo
1277 3353 1381 3425 coquito

312 3433 456 3490 addideris.
472 3457 483 3480 ι
502 3433 596 3484 liano.
870 3436 920 3488 sub
934 3433 991 3486 dio.
1012 3434 1081 3488 Nam
1095 3434 1117 3488 si
1134 3434 1162 3487 iu
1180 3445 1254 3487 tecto
1268 3450 1381 3504 coquas,

354 3535 398 3569 ao.
407 3513 489 3583 Hujus
494 3513 616 3582 precipua
626 3509 739 3562 uers.1ta
747 3507 824 3561 MSS.
870 3531 952 3586 quum
966 3514 1088 3566 bitumen
1100 3526 1127 3567 et
1139 3514 1256 3584 sulpbur
1265 3512 1380 3566 additum

312 3595 464 3664 Cato,csp.
480 3587 701 3645 suu-rietus
721 3605 827 3659 gweeos
871 3607 930 3653 est,
963 3589 1144 3647 excandescet.
1168 3592 1226 3646 Ubi
1254 3592 1307 3646 erit
1332 3605 1381 3644 tem

312 3685 438 3738 teneant,
460 3671 540 3725 facito
553 3669 658 3735 omnia,
672 3686 728 3740 quo
743 3667 826 3721 modo
870 3690 988 3727 crassum
1001 3688 1082 3744 quam
1104 3673 1221 3741 viscum,
1242 3672 1322 3726 sinito
1336 3670 1380 3724 tn·-

311 3754 394 3818 olere,
413 3763 439 3806 et
455 3751 507 3804 boe
523 3750 645 3820 amplius.
666 3749 759 3814 Quurn
779 3765 827 3800 rer
869 3766 965 3825 pascat,
985 3751 1048 3805 Hoc
1074 3752 1158 3805 vitem
1182 3765 1263 3823 caput
1284 3763 1313 3804 er
1336 3749 1380 3804 sub

310 3844 434 3906 appetet,
456 3845 553 3884 serram
571 3827 730 3901 adaggerato
745 3827 822 3880 bene.
869 3833 981 3886 brachis
998 3833 1128 3903 unguite,
1140 3831 1317 3885 convolvolus
1330 3847 1379 3883 non

311 3922 340 3976 Si
353 3922 389 3974 ita
401 3919 508 3983 leceris,
518 3930 545 3972 et
554 3919 637 3989 grossi
648 3935 703 3969 nou
712 3913 825 3983 cadent,
868 3926 1000 3966 nascetur.
1014 3939 1025 3959 ι
1036 3911 1220 3965 Convolrulus
1234 3911 1335 3964 Grecis
1348 3909 1379 3971 il,

312 4015 338 4056 et
354 4001 398 4054 lici
416 3997 513 4054 scabre
529 4015 583 4050 non
598 3998 675 4055 lient,
696 4007 723 4051 et
739 3996 825 4049 multo
869 3995 921 4054 iaie
945 3991 1072 4046 dicitur:
1099 3991 1260 4045 vermiculus
1287 3991 1378 4044 vitium

201 4067 206 4086 ⁸
312 4079 451 4142 feraciores
479 4089 597 4132 erunt.»
626 4077 702 4131 Prius
726 4075 825 4130 insulse
869 4072 938 4127 loliis
955 4089 1010 4127 sese
1029 4071 1184 4126 involvens:
1199 4072 1325 4142 quocirca
1338 4071 1376 4122 iu·
