2925 5009
422 465 575 533 LIBER
600 466 752 534 XVIII.
1052 463 1116 536 331

80 597 158 690 grani
177 597 283 683 corio,
302 621 407 690 quum
430 611 482 666 est
497 597 723 681 numerosius,
746 609 785 664 ut
812 594 923 684 milio;
950 610 1010 666 aut
1032 602 1123 669 succi

79 703 272 796 pinguedine,
290 703 348 797 qui
368 727 430 798 pro
447 701 589 772 hutnore
604 701 728 771 suflicit
744 717 892 784 tautum,
911 717 950 772 ut
965 727 1120 775 murae:

80 809 363 896 autamaritndine,
375 823 413 878 ut
427 807 543 904 lupino
557 821 591 877 et
604 807 784 878 cicerculae.
798 812 840 878 ln
853 809 964 879 tritico
980 813 1124 880 maxime

79 929 211 984 crescunt
230 913 403 1002 animalia,
422 915 580 1010 quoniam
594 915 757 1009 spissitate
776 939 836 984 sua
857 913 1072 999 concalescit,
1089 930 1124 986 et

78 1018 186 1090 furtiue
201 1045 312 1090 crasso
334 1023 484 1090 vestitur.
507 1023 655 1090 Tenuior
680 1019 809 1090 hordeo
834 1018 947 1115 palea,
979 1021 1072 1091 exilis
1089 1038 1125 1093 et

77 1120 238 1218 legumini:
262 1127 341 1197 ideo
363 1151 433 1197 nou
454 1141 625 1222 generant.
654 1127 743 1196 Fabn
767 1127 983 1196 crassioribus
1001 1129 1122 1198 tunicis

78 1233 224 1324 operitur,
255 1233 302 1302 ob
322 1233 390 1303 hoc
410 1232 608 1329 effervescit.
632 1219 811 1321 Quidam¹⁴
840 1234 950 1328 ipsum
977 1233 1122 1304 triticum

81 1334 281 1409 diuturnitatis
297 1341 403 1434 gratia
422 1353 605 1436 aspergunt
619 1363 772 1426 amurca,
789 1337 878 1408 nrille
895 1337 1026 1409 modios
1041 1363 1123 1434 qna·

80 1441 210 1514 drautali.
227 1444 292 1514 Alii
310 1444 503 1516 Chalcidica
521 1460 579 1515 aut
596 1446 716 1516 Carica
737 1459 844 1531 creta,
864 1459 924 1515 aut
946 1446 1047 1516 etiam
1062 1446 1122 1514 ab·
1141 1460 1157 1518 t

78 1535 220 1620 uniri
234 1553 298 1622 est
307 1536 333 1577 ¹⁶
346 1551 551 1647 uorynui,
566 1575 606 1622 ac
613 1550 908 1622 uenantum
921 1565 1028 1639 um,
1050 1575 1124 1645 qus

78 1658 224 1751 conumpi
243 1682 316 1728 non
337 1659 432 1732 sinat,
454 1662 525 1726 Neo
542 1656 612 1728 fere
630 1657 766 1728 condita
783 1659 818 1726 iu
835 1658 927 1753 spica
946 1657 1123 1731 tadunmr.

78 1757 234 1832 Utilissime
265 1779 381 1834 tamen
411 1777 587 1834 servantur
614 1765 649 1833 in
681 1763 873 1850 scrobibus,
899 1787 984 1858 quoa
1006 1764 1090 1832 siros
1099 1761 1123 1803 '⁷

77 1881 195 1955 vocant,
215 1884 254 1939 ut
274 1872 311 1938 in
330 1869 562 1964 Cappadocia,
583 1883 617 1940 et
632 1869 667 1939 in
680 1869 832 1939 Thracia.
851 1871 894 1938 In
914 1871 1074 1965 Hispania
1091 1883 1127 1938 et

79 1969 186 2058 Africa,
205 1989 282 2044 aute
301 1977 413 2044 omnia
432 1991 470 2044 ut
492 1975 581 2046 sicco
604 1974 675 2044 solo
697 1975 798 2062 liant,
821 1991 961 2045 curant:
987 1999 1067 2044 mox
1089 1989 1127 2044 ut

79 2073 155 2164 palea
175 2079 414 2152 substernatur.
440 2083 604 2151 Preterea
626 2105 702 2150 cum
732 2083 825 2175 spica
844 2105 906 2150 sua
924 2080 1125 2151 conduntur.

80 2180 120 2249 lta
132 2182 290 2257 flumenta
308 2189 336 2257 si
354 2186 464 2256 nullus
482 2189 617 2282 spiritus
632 2201 802 2283 penetret,
825 2201 954 2257 certum
972 2201 1024 2256 est
1043 2184 1127 2255 nibil

113 2359 152 2418 ll·
163 2357 266 2428 Quidam
276 2365 364 2432 ptum.
378 2361 466 2416 Varro
479 2359 513 2416 de
530 2362 570 2414 lle
614 2361 842 2434 grmariahabtut
852 2360 902 2414 sub
918 2358 1127 2430 terria,rpelun·

80 2431 141 2488 lut
156 2436 200 2492 lib.
219 2441 249 2506 1,
267 2457 329 2512 cap.
350 2439 387 2513 57
407 2459 414 2494 :
434 2439 570 2507 uQuitlrm
613 2459 669 2507 eas,
680 2457 747 2512 quaa
756 2451 852 2492 vocant
864 2439 972 2510 σωροὺς,
983 2437 1128 2508 utiuCap·

81 2509 152 2580 lm
169 2519 284 2572 triticum
309 2537 415 2573 ammes
443 2537 570 2592 consper-
614 2518 726 2592 padocia
742 2513 1066 2582 acThraeia.Alii,utiu
1079 2515 1128 2569 fli-

81 2603 146 2659 ΕΜ,
155 2613 232 2668 quum
242 2597 375 2652 addautin
386 2599 572 2654 circitermille
614 2599 704 2671 apanis
716 2598 840 2652 citeriore
853 2609 960 2668 puteos,
980 2610 1011 2650 ut
1023 2595 1051 2648 in
1063 2613 1128 2666 agro

81 2669 571 2748 modium,quadrantalamurca.1tem
615 2677 828 2749 Carthaginiensi
847 2687 874 2730 et
888 2675 1008 2730 Oscensi.
1022 2675 1127 2727 Horum

82 2747 136 2803 aliua
144 2753 211 2809 aliud
224 2757 338 2822 adirier,
354 2769 402 2810 aut
414 2755 549 2830 adspergit
562 2773 570 2811 ε
614 2757 701 2811 solum
712 2757 796 2828 palela
803 2756 991 2821 substernunt,
999 2767 1026 2808 et
1033 2765 1129 2807 curant

82 2828 298 2902 utchtctdicam,
312 2850 357 2891 aut
369 2836 500 2902 Caricam,
512 2855 572 2890 ere·
614 2853 649 2890 ne
663 2837 764 2890 humor
784 2847 830 2888 aut
846 2853 892 2889 aer
907 2847 1015 2904 tangere
1030 2833 1127 2905 poerit,

84 2913 183 2975 &maur
191 2915 381 2970 absinthium.»
392 2918 433 2969 De
443 2915 574 2988 quadran·
614 2915 666 2968 nisi
679 2933 766 2988 quum
777 2915 911 2986 promitur
922 2911 957 2968 ad
971 2929 1048 2967 usum
1057 2929 1128 2984 :quo

84 2985 171 3044 taliata
191 2996 321 3065 amphora
343 2994 398 3049 dixi
421 2995 471 3048 lib.
494 2995 571 3060 XIV,
614 2992 687 3048 enim
701 2993 809 3066 spiritua
827 3011 883 3047 non
902 2991 1068 3065 pervenerit,
1089 2991 1128 3044 ibi

84 3080 131 3135 (ψ.
142 3069 165 3123 5.
176 3071 263 3129 llaun.
613 3093 669 3126 non
679 3075 766 3127 oritur
773 3073 902 3126 curculio.
914 3097 926 3120 ι
940 3071 1027 3125 Habet
1035 3069 1128 3124 eadem

117 3145 153 3202 ri.
164 3151 300 3208 Adriatlrb.
307 3151 487 3208 coriandrum
498 3166 524 3206 et
530 3171 572 3207 co-
616 3152 780 3220 Columella,
789 3152 838 3206 lib.
852 3153 884 3219 l,
896 3170 926 3206 ca
947 3190 954 3204 .
973 3153 1002 3205 6.
1013 3147 1129 3220 Hesych.

83 3239 159 3292 ”fian
171 3229 257 3290 laudat
272 3232 415 3288 Palladius.
429 3234 532 3286 Daune.
616 3235 708 3304 Σιροῖς,
720 3233 870 3303 lpippauu,
881 3233 905 3284 ts
920 3171 953 3293 als
972 3229 1128 3283 »arictum

120 3309 158 3360 16.
169 3311 215 3363 Est
233 3325 258 3366 er
278 3313 392 3387 Olynthi.
407 3311 534 3366 Creditur
547 3323 574 3364 et
616 3311 649 3365 τὰ
663 3313 807 3382 «rippam.
827 3309 918 3364 Iliun.
931 3306 1016 3362 -1n
1036 3307 1129 3363 calidis

85 3389 164 3440 l‘t'ttm
176 3391 242 3463 apud
256 3389 387 3466 quosdam
407 3391 514 3452 baberi,
532 3391 574 3444 iu·
617 3391 773 3462 regionibus
786 3389 904 3444 triticum
916 3387 1129 3460 optimeservari

86 3461 132 3529 quit
139 3464 346 3543 Theophrastus,
360 3471 573 3535 mulinvm,
618 3471 648 3524 in
664 3470 706 3524 hit
720 3469 821 3542 puteis,
837 3487 904 3541 quos
919 3467 1054 3538 hodieque
1071 3468 1130 3519 silos

86 3555 133 3610 “ll-
143 3559 203 3604 extr,
214 3569 267 3624 qua
278 3551 377 3605 illitum
388 3551 505 3604 triticum
520 3567 574 3603 aer·
618 3549 799 3622 appellamus,
814 3561 907 3602 auctor
917 3547 1051 3613 eatSnaw,
1065 3545 1129 3618 Voy.

85 3619 129 3674 ”ri
146 3627 217 3682 unice
234 3643 322 3702 potest
338 3649 344 3684 :
358 3633 428 3683 aaut
439 3626 469 3683 dl
483 3630 525 3683 καὶ
541 3633 574 3701 γῆ
619 3643 684 3683 tom.
699 3629 731 3694 1,
749 3647 777 3700 p.
793 3631 858 3696 ¹⁸7·
880 3629 1025 3698 Repertum
1042 3637 1082 3678 est
1099 3627 1129 3678 iu

88 3713 115 3757 ug
125 3695 176 3758 altar
187 3711 254 3781 παρά
263 3731 328 3764 τισιν
338 3749 346 3776 ,
357 3711 373 3768 b
385 3705 576 3781 dtanarrapbn
619 3707 862 3762 Herculanensibus
874 3705 960 3759 ruinis
969 3705 1088 3758 triticum
1102 3707 1130 3758 in

87 3788 177 3852 rumpit
194 3790 233 3842 τὀν
254 3791 340 3862 πυρόν.
366 3773 454 3860 (ἱσπιρ
483 3789 528 3845 ἦτα
552 3791 575 3843 lu
620 3787 748 3842 fictilibus
761 3785 829 3840 vatis
843 3783 981 3838 conditum
1000 3795 1063 3838 ante
1081 3802 1131 3838 uo·

149 3867 264 3933 §stalla
282 3869 393 3939 Rapiatur
406 3865 573 3930 τῆςΕὐΕοίας.
617 3885 667 3920 nos
692 3883 772 3938 ¹700.
800 3865 858 3918 Alia
890 3865 974 3917 multa
1002 3863 1132 3918 babemus

121 3953 155 4008 Ι7-
163 3941 234 4002 Siras.
245 3947 358 4022 cryptas
368 3947 476 4010 Vitruv.
486 3948 575 4018 appel·
619 3947 740 4018 exempla
751 3945 832 3999 tritici
842 3963 891 4018 per
900 3943 1009 4014 triginta
1019 3941 1133 4014 quadra·

89 4010 117 4066 hl
125 4015 166 4072 llb-
178 4025 231 4092 vl,
243 4047 300 4100 cap.
316 4030 342 4082 8.
354 4027 500 4081 Danae-
508 4027 575 4096 Quos
619 4024 735 4096 pintave,
746 4025 991 4078 autetiamcentum
1003 4034 1031 4076 et
1040 4021 1132 4076 decem

91 4095 137 4147 sius
147 4119 233 4159 maur.
251 4108 353 4172 Varro,
365 4106 384 4160 l.
398 4126 422 4160 e.
437 4129 448 4150 ι
457 4103 574 4172 Quidam
619 4121 704 4160 anuos
721 4102 893 4158 serrativid.
905 4103 1014 4157 Mdmoir.
1028 4101 1059 4154 de
1072 4101 1133 4153 l'A·
