2925 5009
299 426 346 497 32
392 500 396 507 ,
558 422 599 503 C.
629 420 800 491 PLINII
828 420 938 489 Nar.
967 420 1100 491 msa.

296 559 455 630 adversus
480 550 693 649 utrumque²⁷
717 553 926 647 pronunciat.
953 554 1047 623 luter
1072 541 1223 625 omnes'⁸
1251 572 1376 627 autem

296 659 515 735 constatnihil
522 684 593 732 esse
602 657 1150 754 utiliuslupinisegete,priusqnam
1157 660 1379 757 siliquetnr²⁹,

295 786 407 841 aratro
427 766 479 837 vel
500 766 690 837 bidentibus
711 788 825 850 versa,
845 764 1066 860 manipulisve
1092 766 1252 852 desecto,
1279 772 1378 839 circa

296 878 423 947 radices
444 874 602 943 arborum
628 896 668 941 ac
691 871 808 941 vitium
836 870 974 941 obrutis.
990 872 1101 943 Etiam
1119 858 1213 943 ubi³⁰
1236 900 1309 944 non
1329 878 1378 945 sit

296 1008 414 1081 perum
428 979 538 1051 culmo
554 974 705 1076 ipso,vel
717 978 818 1047 etiam
831 974 936 1064 filice,
951 992 1136 1049 stercorare
1148 980 1375 1051 arbitrantur.

261 1100 277 1155 5
296 1075 436 1161 Cato³¹z
462 1088 597 1159 Stercus
615 1083 704 1153 unde
728 1082 809 1169 fiat,
831 1074 1030 1174 stramenta,
1047 1083 1217 1181 lupinum,
1235 1086 1375 1181 paleas,

295 1194 415 1267 fabalia
424 1179 462 1281 ³²,
479 1216 518 1263 ac
537 1188 671 1262 frondes
690 1186 824 1283 ilignae,
837 1175 1089 1285 quernasque³³.
1104 1194 1133 1261 E
1151 1207 1262 1329 sepete
1276 1194 1375 1264 evel-

293 1302 352 1373 lito
365 1300 519 1387 ebulum,
536 1298 697 1383 cicutam,
711 1307 746 1364 et
759 1294 885 1366 circum
900 1294 1016 1367 salicta
1032 1283 1191 1367 herbam³
1219 1316 1374 1390 auctam,

210 1462 213 1471 ,
293 1406 505 1501 ulvamque:
532 1428 606 1475 eam
631 1401 836 1472 substernito
864 1402 1001 1491 ovibus,
1028 1402 1249 1499 frondemque
1273 1410 1374 1501 puti.

292 1499 417 1585 dam³⁵.
443 1512 551 1581 Vinea
568 1493 628 1579 si³⁶
650 1530 763 1578 macra
780 1508 866 1595 erit,
887 1523 1055 1579 sarmenta
1075 1534 1136 1581 ana
1156 1512 1373 1603 comburito,

334 1750 381 1803 ²7·
395 1729 518 1784 Adventu
529 1739 662 1799 uerumque.
674 1723 805 1779 Varronis
848 1724 904 1797 peti
923 1724 1015 1781 vellito
1035 1728 1164 1796 ebulum,
1184 1728 1317 1795 mentam,
1342 1744 1374 1787 ct

291 1812 390 1867 acilicet
400 1822 428 1863 et
439 1808 598 1864 Columella
608 1804 806 1877 placitnmmo·
848 1804 951 1881 circpm
965 1804 1058 1861 aelicta
1072 1807 1187 1864 herbam
1208 1812 1307 1873 altam.
1324 1810 1373 1866 nl·

293 1890 329 1945 do
341 1890 460 1944 allatum.
475 1886 568 1941 Hrnn.
848 1902 983 1958 eamque:
998 1903 1057 1939 eam
1070 1890 1234 1944 aubetemiro
1247 1892 1369 1957 oribus,

335 1973 380 2025 πθ.
392 1969 558 2021 Interomner.
570 1962 731 2027 Columll,
749 1967 802 2026 14:
847 1962 990 2036 bubnaqne
1004 1965 1130 2023 frondem
1147 1968 1280 2039 putidam.
1297 1998 1308 2020 ι
1325 1974 1371 2027 Ita

296 2076 308 2099 ι
327 2050 368 2103 De
387 2047 482 2120 lupino
501 2044 571 2099 nibil
587 2042 703 2105 dubito,
724 2052 805 2113 atque
847 2042 910 2097 libri
927 2063 1037 2112 omnea,
1053 2047 1133 2101 mium
1151 2049 1268 2103 Pliniani
1283 2044 1368 2108 MSS.

292 2129 370 2184 etiam
380 2126 419 2180 de
437 2125 559 2199 pabulari
572 2122 660 2177 vicia:
672 2122 694 2175 ai
714 2134 803 2175 mmm
846 2140 902 2175 noo
914 2124 1049 2195 putridam.
1063 2122 1153 2181 Hron.

291 2226 350 2261 eom
369 2204 484 2259 viridem
505 2202 636 2257 derectam
663 2199 804 2254 confertim
888 2202 937 2256 da.
959 2204 1075 2259 Fabella.
1101 2204 1212 2262 Fabalee
1235 2209 1305 2273 alre,
1335 2224 1369 2266 ut

290 2298 408 2341 aretrmn
422 2285 608 2356 subsequatur,
619 2295 645 2335 er
660 2279 736 2353 qood
749 2280 803 2332 salx
847 2281 952 2347 Varro,
964 2282 1050 2348 lib.1,
1062 2302 1121 2355 cap.
1137 2285 1185 2353 31,
1196 2288 1244 2341 Rei
1251 2290 1369 2345 linotet

289 2364 444 2439 reliquerit,
471 2364 628 2435 prinaqnam
656 2360 801 2424 inareacm,
846 2360 1368 2433 Cato‚cap.vrr,locotirnnt,relacera

289 2446 376 2501 vomis
389 2442 537 2506 reocindat,
554 2455 634 2513 utque
646 2440 760 2494 obruat:
773 2436 802 2492 id
846 2439 979 2507 fabarum,
987 2441 1021 2498 τὰ
1032 2443 1112 2515 ἄχυρα
1121 2446 1238 2518 κυάμινα.
1247 2450 1280 2502 In
1291 2448 1368 2504 Geo-

289 2526 362 2580 enim
378 2522 451 2577 cedit
462 2542 513 2594 pro
529 2536 659 2584 cremore,
672 2530 721 2573 etc.
738 2543 750 2567 ι
769 2518 802 2575 Io
829 2520 949 2591 ‘ponicie
962 2525 1029 2581 :itit
1041 2514 1068 2574 δ’
1081 2524 1190 2597 ἁλμυρὰν
1201 2532 1246 2599 γῆν
1261 2530 1367 2601 terim

289 2604 384 2659 ecdem
402 2602 504 2657 habitat
525 2610 698 2671 argumento,
716 2616 741 2651 c.
755 2602 801 2651 16.
844 2604 1057 2669 gernicoffibaroi
1066 2610 1251 2677 πιριγινομὸνω
1259 2610 1366 2673 κινήσας

289 2686 381 2738 Hann.
846 2680 954 2751 ὶρότρῦῑς
973 2684 1084 2752 μικροῖς,
1097 2684 1194 2757 ἀχύροις
1207 2683 1364 2751 διαπάσας,

330 2782 374 2833 ²9·
396 2760 536 2831 Siliqnetnr.
562 2756 721 2829 Prinaquam
745 2753 801 2809 rili·
844 2760 1366 2833 nfflronpirmopieeredlanm-Fa.

287 2842 449 2916 quaeiaciat.
465 2838 556 2891 Hann.
844 2836 920 2891 belin.
934 2836 1160 2911 Stipnlaal'abalea.
1171 2840 1264 2898 lino,

330 2922 374 2977 30.
394 2922 480 2974 Etiam
494 2916 543 2971 nbi.
562 2916 667 2970 cotum.
682 2915 726 2980 11,
743 2912 799 2968 15:
885 2916 1366 2996 33.Iligncsqnemasqne.Broteriun,

232 3030 238 3040 ·
291 3028 303 3050 ι
320 3002 377 3055 Nec
393 3001 489 3072 ignom
502 2994 638 3067 quoddam
655 3012 711 3048 erae
730 2992 800 3047 turia
844 3014 878 3051 ex
897 2996 975 3051 MSS.
996 3000 1079 3071 Regg.
1096 3012 1124 3053 et
1152 3000 1273 3056 editione
1288 3005 1366 3075 pin.

287 3099 379 3153 genna,
388 3080 416 3132 in
427 3097 481 3151 quo
491 3094 577 3148 neque
587 3093 701 3147 pecora,
711 3091 800 3146 neque
844 3076 921 3147 cipe,
935 3078 1038 3147 ilignea
1052 3098 1220 3153 parmamque.
1231 3082 1284 3137 Eo.

287 3159 447 3215 avishaberi
462 3156 713 3230 possintnttamen
727 3154 799 3206 iner-
885 3154 933 3222 34.
960 3157 1069 3210 Herbam
1097 3173 1204 3213 onerant.
1227 3162 1269 3216 Ea
1298 3162 1364 3217 MS.

273 3242 320 3295 .tia
334 3253 373 3295 ert
386 3238 479 3293 roatici
496 3254 529 3290 eo
549 3252 660 3307 quoque
674 3233 736 3287 loco
752 3230 799 3286 de·
844 3234 910 3305 Reg.
931 3254 959 3302 a,
976 3236 1116 3294 Broterim
1128 3241 1249 3311 reposuit
1261 3243 1362 3296 herbam

286 3320 331 3375 lici
352 3332 476 3373 atercore.
496 3316 573 3368 Licet
592 3313 664 3367 euim
685 3311 799 3383 qunami-
844 3325 962 3379 macram,
974 3315 1027 3371 hoc
1036 3318 1363 3392 eat,berbamqundo-

286 3402 332 3453 bet
342 3388 577 3462 frondem,licete
588 3391 715 3465 vepribus
725 3409 799 3445 com-
842 3392 917 3447 ierit.
929 3395 981 3467 En.

285 3479 400 3549 pirisque
421 3488 544 3546 congesta
564 3473 690 3544 colligere
708 3470 799 3525 :licet
885 3470 1359 3553 35.Fronderupnepunilora.sicquo·

285 3557 383 3611 illicem
403 3556 459 3609 aine
478 3553 576 3625 injuria
593 3550 691 3617 vicini,
718 3549 798 3604 etiam
843 3552 995 3623 qneriffl.
1001 3557 1125 3626 parridum
1134 3558 1255 3613 Gronov.
1264 3574 1292 3614 et
1301 3564 1360 3618 alii.

285 3656 347 3691 cnm
371 3634 464 3688 officio
487 3630 627 3698 decidere,
647 3643 674 3685 et
696 3629 798 3701 peruri·
842 3630 908 3685 Mox
921 3651 972 3703 pro
986 3639 1059 3689 vineo
1075 3640 1098 3689 ri
1112 3657 1193 3691 macra
1205 3643 1264 3698 erit,
1281 3642 1358 3695 exhi·

285 3734 358 3771 rcere
371 3733 432 3769 cum
444 3710 625 3786 purgamentir
636 3710 723 3765 cortic.
738 3734 750 3756 ι
762 3708 797 3763 Η.
844 3711 892 3765 bet
904 3712 1026 3767 Gronov.
1037 3719 1089 3768 oio.
1104 3721 1127 3769 si
1138 3721 1338 3776 mmmmm».

326 3796 372 3848 31.
387 3792 459 3847 Caro.
471 3793 512 3844 De
522 3793 561 3845 ue
571 3793 646 3845 linat.
655 3808 679 3843 c.
693 3806 797 3854 xxxvrr,
882 3790 930 3845 36.
942 3793 1021 3845 linea
1033 3798 1063 3849 ri.
1076 3796 1159 3861 Caro,
1170 3815 1229 3868 cap.
1242 3817 1356 3855 xxxvia:

286 3894 344 3947 pag.
367 3874 401 3927 32
419 3890 425 3925 :
444 3899 455 3921 ι
476 3872 583 3925 Stercur
604 3867 676 3923 unde
695 3868 795 3922 lucian:
840 3893 852 3916 ι
864 3871 951 3924 Vinea
974 3872 998 3925 ei
1023 3893 1111 3929 macra
1137 3876 1202 3941 erit,
1223 3894 1358 3934 sarmenta

250 3988 258 4001 ι
284 3966 439 4017 stramenta,
452 3951 594 4023 lupinum,
609 3948 797 4020 palear,fron·
840 3968 887 4003 ana
907 3950 1042 4006 concidito
1064 3955 1184 4019 minute,
1206 3970 1234 4011 et
1252 3956 1357 4014 ibidem

283 4032 344 4087 deur
363 4032 505 4104 iligneam,
523 4047 677 4104 querneam.
697 4030 737 4081 Ex
755 4046 797 4081 ae·
842 4030 1286 4098 imraro,mrint0dtro..1tmo.
