2925 5009
240 559 246 572 .
335 503 405 590 324
593 497 634 568 c,
660 491 835 563 remu
860 487 967 558 uir.
993 486 1128 554 rusr.

283 681 317 717 ιο
385 641 480 712 Intro
499 634 571 704 haec
591 639 721 698 constat
736 621 872 694 celestis
888 618 1050 690 sterilitas.
1070 617 1190 711 Neque
1209 615 1391 712 negaverim

335 767 432 842 posse
453 765 526 812 earn
550 732 732 834 permutari
751 727 890 811 arbitrio
913 725 1109 820 legentium,
1136 723 1286 793 locorum
1310 724 1391 792 meti·

335 851 497 922 manlium
512 845 655 913 naturis.
667 837 732 907 Sed
743 860 763 904 a
775 834 871 904 nobis
884 834 1047 925 rationem
1059 829 1319 899 demonstratam
1329 852 1394 896 esse

336 959 412 1030 satis
433 969 507 1024 est:
536 947 660 1042 relique
678 942 910 1014 observatione
929 938 1089 1031 cujusque
1109 935 1319 1006 constabunt
1345 931 1394 1000 tt-

335 1077 498 1135 terutrum
519 1053 653 1152 quidem
672 1048 743 1119 fore
759 1049 793 1116 in
813 1069 930 1127 causa,
947 1044 1013 1112 hoe
1026 1056 1097 1126 est,
1110 1039 1329 1136 plenilunium
1343 1053 1395 1106 aut

335 1166 562 1249 interlunium,
573 1183 641 1228 non
651 1159 713 1225 erit
725 1153 875 1223 dubium.
883 1153 927 1219 Et
940 1151 974 1217 in
986 1133 1076 1217 hoe³¹
1084 1147 1241 1216 admirari
1249 1147 1395 1239 benigni·

335 1290 437 1346 tatem
458 1285 584 1340 unturae
600 1261 786 1336 succurritt
804 1259 874 1353 jam
889 1257 1034 1352 primum
1053 1253 1141 1322 hano
1159 1253 1313 1347 injuriam
1334 1276 1396 1318 om

335 1381 433 1450 nibus
454 1377 548 1446 anuis
569 1369 718 1441 accidere
740 1389 809 1434 non
827 1387 947 1457 posse,
973 1373 1111 1456 propter
1130 1373 1235 1428 statos
1260 1357 1395 1427 siderum

336 1507 475 1558 cursus:
494 1505 557 1550 nec
574 1478 638 1548 nisi
660 1473 776 1569 paucis
792 1469 949 1539 noctibus
967 1468 1062 1553 anni,
1083 1465 1184 1559 idque
1202 1463 1337 1558 quando
1352 1463 1395 1530 fu·

336 1606 449 1662 turum
459 1589 521 1672 sit,
539 1581 633 1654 facile
646 1579 749 1648 nosci.
764 1580 811 1645 Ao
824 1601 866 1644 ne
879 1599 939 1669 per
956 1595 1072 1642 omnes
1083 1595 1216 1640 menses
1223 1573 1395 1648 timeretur,

336 1720 450 1768 earum
458 1715 592 1788 quoque,
602 1671 699 1782 lege³¹
710 1684 991 1767 divisum‚aestote
998 1675 1175 1746 interlunia
1183 1692 1394 1772 praeterquam

336 1803 439 1872 biduo
460 1821 577 1870 secura
595 1816 682 1878 esse,
699 1791 809 1858 hieme
826 1784 1009 1880 plenilunio
1021 1809 1029 1851 :
1042 1807 1106 1852 nec
1119 1785 1182 1852 nisi
1197 1785 1318 1852 aestivis
1332 1782 1394 1850 bre

337 1908 543 1998 vissimisque
570 1897 724 1970 noctibus
742 1880 767 1919 ³³
790 1893 913 1978 metui,
937 1889 1053 1959 diebus
1079 1913 1149 1958 non
1170 1889 1260 1957 idem
1285 1886 1393 1956 valere.

287 2047 317 2084 ιι
338 1995 531 2084 Praeterea³⁴
540 2023 608 2077 tam
624 2001 720 2075 facile
732 1997 940 2092 intelligi‚ut
950 1995 1088 2065 formica
1098 1995 1278 2064 minimum
1288 1989 1395 2064 animal

338 2117 516 2190 interlunio
542 2113 705 2209 quiescat,
730 2103 912 2201 plenilunio
939 2102 1037 2171 etiem
1062 2099 1219 2171 noctibus
1241 2114 1393 2195 operetur.

340 2229 445 2296 Avem
471 2202 651 2316 parram³⁵‚
671 2213 799 2285 oriente
822 2209 930 2291 Sirio,
960 2209 1033 2301 ipso
1052 2205 1106 2275 die
1134 2231 1205 2275 non
1230 2229 1395 2302 apparere,

339 2331 446 2401 donec
461 2323 600 2398 occidat.
617 2324 646 2390 E
663 2319 796 2388 diverso
811 2297 1017 2383 vireonem³⁶
1030 2311 1164 2406 prodire
1184 2313 1263 2408 ipso
1279 2312 1329 2381 die
1342 2309 1395 2379 sol-

228 2443 230 2448 ’
340 2437 427 2508 stitii.
443 2435 611 2504 Neutrum
622 2451 703 2495 vero
714 2423 800 2494 lunae
813 2434 935 2490 statum
951 2419 1086 2487 noxium
1102 2413 1185 2506 esse,
1196 2443 1243 2488 ue
1258 2417 1395 2489 noctibus

340 2540 493 2638 quidem,
514 2537 576 2606 nisi
598 2532 737 2616 serenis,
755 2543 790 2598 et
807 2527 899 2597 omni
919 2549 1001 2592 aura
1024 2525 1215 2618 quiescente
1228 2552 1239 2611 ;
1254 2525 1392 2620 quoniam

340 2669 448 2742 neque
468 2645 503 2713 in
524 2641 633 2722 nube,
653 2659 763 2730 neque
779 2634 815 2702 in
833 2630 914 2700 flatu
929 2628 1054 2698 cadunt
1070 2655 1186 2701 rores:
1210 2633 1261 2701 sic
1279 2651 1394 2726 quoque

338 2773 407 2824 non
430 2751 499 2822 sine
519 2743 676 2817 remedio.

381 2925 427 2980 31.
443 2925 483 2978 Et
494 2927 523 2976 irr
533 2923 577 2974 lroe
590 2917 721 2972 mirabilem
735 2915 853 2968 admirari
895 2911 985 2964 minor
1009 2910 1045 2963 ait
1069 2910 1186 2965 nocendi
1209 2929 1296 2966 mora.
1318 2909 1391 2962 ilino.

339 3005 518 3076 bmiprritatem
539 2993 606 3070 (Sic
625 2999 692 3051 libb.
709 3006 775 3048 vett.
790 3005 853 3047 anta
938 2991 984 3055 34.
999 2989 1153 3044 Proetem...
1167 2993 1282 3062 melugt
1295 2985 1391 3055 Quando

339 3083 422 3140 nard.
435 3078 525 3146 editi).
541 3079 653 3134 brevior
665 3088 692 3129 et
705 3075 789 3145 magia
798 3072 853 3126 Pli·
895 3069 1068 3123 interlunium
1081 3069 1125 3123 sit.
1139 3069 1234 3124 Hiar).

340 3165 419 3220 niana
434 3161 552 3234 ejusdem
574 3157 671 3212 lectio:
686 3155 743 3207 «Et
757 3156 785 3206 in
800 3152 853 3206 boe
937 3147 983 3202 35.
1002 3151 1080 3202 Am
1098 3169 1211 3219 pamm.
1237 3152 1392 3218 Depamet

340 3243 433 3300 mirari
446 3239 632 3311 benignitatem
646 3247 739 3288 natura
749 3251 855 3286 moeur-
896 3229 1006 3283 vireone
1013 3225 1076 3281 vide
1083 3247 1143 3298 qne
1153 3228 1315 3292 dissimuli,
1325 3223 1391 3288 isit

340 3323 409 3378 rit.»
425 3315 716 3388 Ceterasuperflunut.
731 3312 812 3365 Pur.
897 3337 938 3352 -
955 3307 1053 3370 Parra,
1079 3320 1191 3372 motem,
1215 3309 1259 3362 vel
1279 3307 1390 3362 wilm

383 3401 535 3456 bullarum
545 3415 636 3470 quoque
649 3395 709 3464 lege.
726 3390 854 3446 Noctium
896 3386 983 3444 vireo.
1000 3387 1081 3439 ἱστίαι.
1096 3388 1149 3440 En.

308 3529 318 3550 ,
341 3499 433 3536 earnm
441 3517 450 3545 ,
458 3495 518 3550 quar
533 3488 595 3528 sunt
607 3467 758 3526 metuende
770 3469 854 3540 frugi·
938 3465 1248 3520 toennensem
1255 3462 1391 3538 pmdnipse

341 3561 405 3627 bue,
419 3559 488 3614 bane
504 3557 606 3638 legun,
626 3552 696 3604 bane
719 3547 854 3602 conditio·
898 3546 1389 3608 desmrtrtt.s0nboct10rtm,non
1417 3595 1422 3606 ⁸

341 3657 405 3694 nem
417 3655 472 3692 ease
483 3658 490 3694 a
500 3648 531 3689 ut
543 3629 685 3686 interlunia
697 3627 789 3682 'noctu
799 3645 855 3681 non
897 3629 1029 3687 elnonem,
1043 3638 1100 3678 tum
1108 3643 1141 3678 ex
1150 3623 1247 3678 eodem
1258 3619 1390 3692 exemplari·

341 3719 392 3772 nisi
407 3715 462 3771 dno
475 3726 573 3770 estete,
588 3708 737 3783 plenilunia
750 3707 854 3774 hieme,
898 3717 956 3759 tuor
969 3723 1002 3757 ex
1017 3704 1075 3775 ipso
1093 3705 1197 3765 Plinio.
1211 3705 1262 3758 lib.
1274 3704 1313 3768 X,
1323 3719 1344 3754 e.
1354 3716 1389 3766 ap.

341 3797 393 3852 nisi
406 3794 491 3850 biduo
503 3792 619 3866 puriter,
632 3785 776 3842 metuende
787 3787 854 3840 sint:
899 3785 1057 3837 Aristoteles
1064 3802 1185 3857 quoque,
1199 3782 1235 3836 de
1242 3783 1305 3837 ilat.
1317 3778 1389 3834 buin·

342 3893 425 3948 quum
441 3873 481 3928 uti
497 3871 600 3931 dietum
616 3881 656 3922 eat
674 3886 754 3939 supra
772 3867 877 3936 roasi-¹
898 3863 946 3916 lib.
960 3863 1016 3928 IX,
1030 3881 1089 3934 cop.
1105 3883 1139 3916 η
1150 3901 1159 3928 ,
1172 3864 1313 3916 celer-tom
1322 3863 1388 3913 roul-
1430 3848 1436 3865 ’

341 3953 407 4008 dunt
421 3953 504 4025 frigus
518 3951 583 4004 luna
602 3949 690 4002 forsan
703 3944 854 4016 adspersit,
898 3941 1057 3997 Theodorus
1079 3945 1200 3994 eireonern
1223 3929 1315 4003 veitit,
1333 3931 1388 3988 unde

339 4031 518 4103 admiscetque
527 4025 730 4084 amaritudinem
739 4025 853 4078 satinfl.
898 4036 958 4076 nata
973 4036 1029 4086 eat,
1042 4035 1073 4075 ut
1086 4022 1117 4074 lit
1130 4021 1239 4092 sepina,
1250 4011 1388 4075 oonsiotle·

380 4111 425 4167 33.
450 4110 645 4180 Brevissimisque
669 4103 785 4158 noctibus.
816 4105 855 4157 Ut
898 4101 1028 4174 pruvaudi
1041 4100 1131 4154 Plinii.
1148 4101 1230 4154 Prae.
1330 4159 1338 4176 ἱ
