2925 5009
326 457 396 544 ild
593 457 632 528 C.
659 461 827 530 PLINII
852 460 963 530 NAT„
989 461 1121 531 HlST.

324 588 446 678 Italics,
471 594 681 686 Campanis,
700 592 848 687 Apuliae,
875 593 1011 663 arbusta
1035 594 1199 688 vineaeque
1229 607 1382 688 spectent

325 699 394 787 Qui
405 684 531 768 mares'
545 700 677 795 concipi
687 699 797 787 voles,
808 700 942 772 inhunc
950 701 1097 795 pascito,
1109 713 1148 768 ut
1160 701 1206 769 sic
1220 701 1384 769 ineuntem

324 805 423 874 inent.
448 807 501 874 Ex
520 803 660 876 adverso
680 804 853 900 Aquilonis
881 806 925 875 ub
948 831 1071 876 occasu
1091 804 1232 874 brumali
1262 805 1385 875 Africus

323 909 439 996 flebit,
456 935 556 1006 quem
574 913 684 982 Graeci
700 913 786 982 Libe
803 926 937 982 vocant
960 915 1001 980 ln
1019 910 1132 981 bunc⁹
1147 935 1168 980 a
1185 913 1278 982 coitu
1291 936 1386 1006 quum

324 1039 361 1087 se
378 1039 480 1111 pecus
496 1017 748 1112 circumegerit,
768 1017 908 1088 feminas
925 1033 1105 1113 conceptus
1123 1042 1194 1087 esse
1211 1020 1306 1088 scito.

291 1147 306 1201 ⁵
378 1123 489 1192 'l'ertia
501 1146 522 1191 a
535 1125 771 1219 septemtrione
789 1123 890 1210 linea,
909 1147 1010 1219 quam
1023 1149 1084 1220 per
1097 1122 1304 1194 latitudinem
1321 1148 1387 1192 um·

324 1229 393 1300 bre
407 1228 566 1318 diximus,
587 1245 621 1300 et
634 1229 853 1300 decumanam
867 1233 1081 1316 vocavimus,
1094 1245 1247 1300 exortum
1261 1229 1389 1299 babebit

325 1334 603 1430 mqriinoctinlem,
615 1349 819 1430 ventumque
832 1335 1069 1421 Subsolnnum,
1085 1335 1388 1432 GrrecisApelioten

326 1441 461 1513 dictum.
485 1443 525 1510 ln
543 1441 634 1512 bunc
649 1441 835 1512 salubribus
853 1441 934 1512 locis
947 1442 1034 1512 villae
1049 1443 1221 1537 vineaeque
1238 1455 1387 1537 spectent

325 1551 403 1642 lpse
420 1544 538 1616 leniter
559 1547 713 1643 pluvius:
736 1562 849 1618 tomen
870 1562 921 1618 est
945 1550 1064 1618 siccior
1085 1550 1270 1636 Favonius,
1285 1546 1388 1618 exad-

326 1679 423 1723 verso
447 1653 517 1746 ejus
535 1653 577 1722 nb
597 1652 817 1748 oequinoctinli
838 1679 977 1740 occasu,
998 1654 1171 1749 Zephyrus
1191 1656 1317 1724 Graecis
1333 1677 1388 1720 no·

327 1761 481 1829 minatus.
499 1761 539 1828 ln
558 1760 650 1830 hunc
674 1774 824 1855 spectare
848 1759 971 1830 olivete
987 1763 1073 1831 Cato
1084 1758 1229 1852 jussit¹⁰.
1252 1761 1317 1828 llic
1338 1783 1388 1828 ver

256 1909 258 1914 ·
327 1865 482 1950 inchoet,
501 1868 672 1960 aperitque
691 1881 796 1935 terras
816 1868 908 1935 tenui
930 1866 1054 1962 frigore
1076 1864 1220 1934 saluber.
1239 1867 1303 1934 Hic
1316 1866 1388 1933 sites

328 1970 483 2066 putandi,
503 1970 681 2067 frugesque
696 1972 855 2057 curandi,
875 1972 1012 2042 arbores
1030 1971 1179 2059 serendi,
1195 1995 1297 2066 poma
1310 1972 1385 2039 inse-

328 2077 439 2164 rendi,
472 2076 561 2150 oleas
593 2077 758 2150 tractandi
780 2077 836 2173 jus
867 2077 980 2165 dabit,
1012 2077 1197 2177 afflatuque
1227 2078 1387 2148 nutritium

328 2183 495 2256 exercebit
508 2181 541 2252 ¹¹.

295 2316 312 2366 e
383 2292 513 2380 Quarta
527 2315 545 2358 n
560 2292 796 2387 septemtrione
809 2289 915 2380 linea,
933 2292 1049 2363 eadem
1058 2293 1183 2361 Austro
1194 2291 1238 2361 nb
1254 2291 1386 2361 exortiva

329 2411 423 2491 perte
441 2397 612 2493 proxima,
634 2396 820 2468 brumalem
842 2399 981 2468 babebit
998 2413 1174 2485 exortum,
1199 2412 1387 2489 ventumque

247 2571 250 2579 ,
329 2501 555 2590 Vulturnum,
576 2505 703 2572 Eurum
727 2505 853 2575 Graecis
870 2505 1018 2593 dictum,
1034 2504 1207 2575 sicciorem
1223 2519 1259 2574 et
1274 2505 1385 2598 ipsum,

330 2607 600 2704 tepidioremque.
625 2610 666 2678 ln
683 2610 776 2679 hunc
796 2611 921 2705 apiaria
942 2625 977 2680 et
1000 2611 1105 2679 vineae
1126 2608 1249 2697 Italiae,
1274 2607 1383 2680 Gallia-

330 2737 486 2808 rumque,
506 2729 655 2809 spectare
673 2715 805 2785 debent.
824 2719 876 2785 Ex
897 2716 1039 2786 adverso
1053 2713 1214 2786 Vulturni
1231 2715 1320 2785 flabit
1334 2715 1385 2783 Co

331 2845 388 2917 ¹rus
402 2822 445 2888 ab
461 2845 582 2889 occasu
594 2819 757 2892 solstitiali
769 2840 802 2890 et
811 2819 1008 2891 occidentali
1025 2820 1128 2891 lutere
1141 2820 1385 2916 septemtrionis,

332 2927 458 2996 Graecis
476 2925 583 2995 dictus
599 2929 771 3020 Argestes,
793 2951 835 2996 ex
853 2927 1068 3022 frigidissimis
1084 2942 1119 2997 et
1136 2929 1226 3022 ipse,
1239 2931 1385 2999 sicutom·

331 3055 390 3101 nes
414 3033 507 3126 quia
529 3033 774 3127 septemtrionis
796 3047 891 3127 parte
915 3035 1053 3128 spirant.
1077 3035 1142 3102 Hic
1171 3049 1207 3102 et
1229 3032 1383 3130 grandbes

332 3139 452 3224 infert,
471 3137 640 3207 cavendus
660 3153 695 3206 et
711 3140 804 3232 ipse,
825 3163 894 3208 non
912 3163 1066 3208 secusne
1086 3142 1291 3232 septemtrio.
1313 3134 1383 3206 an·

331 3257 451 3314 tumus
473 3243 499 3313 si
520 3267 540 3312 a
561 3267 677 3313 serena
698 3242 770 3313 caeli
788 3258 883 3339 parte
908 3245 1047 3339 coeperit
1066 3244 1165 3332 llere,
1183 3269 1255 3314 non
1273 3241 1384 3313 durabit

332 3352 366 3420 in
383 3365 539 3421 noctem:
561 3364 596 3419 at
614 3349 818 3420 Subsolenus
836 3352 870 3420 in
892 3350 1053 3446 majorem
1073 3365 1204 3446 partem
1223 3350 1322 3422 noctis
1339 3369 1381 3416 ex·

333 3457 490 3528 tenditur.
511 3457 670 3550 Quisquis
689 3458 753 3526 erit
768 3470 907 3546 ventus,
923 3460 951 3527 si
971 3456 1119 3527 fervidus
1135 3458 1306 3541 sentietur,
1320 3452 1382 3550 plu·

247 3729 254 3748 ,
375 3689 404 3740 8.
426 3686 478 3756 Qru'
505 3688 699 3742 mam.....in
720 3683 792 3736 leuno.
814 3684 848 3736 In
935 3702 977 3738 ro.
995 3683 1148 3755 Comitem
1166 3679 1379 3739 Uettium-nt.

334 3765 494 3842 Aquilonem
504 3762 607 3831 adhuc,
618 3776 662 3816 sut
671 3763 848 3817 Centemm-
893 3766 921 3817 6.
937 3761 1027 3817 lino.

319 3839 368 3900 ¹de
383 3841 527 3917 quedicta
546 3857 608 3898 sunt
624 3843 671 3897 lib.
686 3843 771 3906 VIII,
786 3861 846 3913 cup.
934 3860 981 3896 ιι.
1006 3843 1140 3897 Nutritr‘m
1167 3843 1293 3896 aarum
1314 3835 1383 3894 ueni

335 3943 383 3997 7²·
397 3923 489 3982 lium.
680 3941 682 3947 ¹
891 3922 990 3994 frigore
1000 3918 1381 3991 nutriorem-reomense

376 4024 404 4073 9.
418 4003 448 4056 In
463 4003 524 4054 bunc
539 4021 555 4052 ιι
570 4007 648 4070 coitu,
670 4015 721 4058 etc.
742 4000 849 4058 Scilicet
892 4001 1164 4056 remmiscere
1176 4002 1301 4067 Pinum,
1312 4010 1381 4054 Μ’

335 4086 362 4144 in
377 4082 506 4144 Africum.
522 4081 613 4139 Hnnu.
893 4099 945 4152 pe,
957 4081 1075 4156 sospitet.
1087 4079 1178 4137 llum.
