2925 5009
339 484 416 575 434
603 486 641 554 C.
669 482 841 555 PLlNll
866 486 979 555 Nar.
1008 488 1137 557 lllST.

338 633 373 689 et
387 642 446 714 per
461 641 538 686 eum
554 618 666 687 Druso
682 619 806 689 necari
824 617 1005 706 fastiditus,
1022 642 1092 689 non
1106 619 1180 688 siue
1197 616 1395 711 castigatione

336 723 459 795 Tiberii
474 724 588 819 patris.
608 725 686 793 Post
703 745 835 818 cymam
850 748 892 794 cx
912 725 1029 795 eadem
1049 725 1198 795 brassica
1211 726 1395 817 confiugunt

337 832 439 901 estivi
461 828 735 925 autumnalesque
755 828 925 916 cauliculi,
947 856 1025 900 mox
1044 831 1197 917 hiberni,
1226 832 1395 922 iterumque

337 960 458 1031 cymae,
473 934 565 1005 nullo
580 960 673 1030 reque
689 960 811 1030 genere
828 935 1015 1024 multifera,
1029 936 1140 1007 donec
1159 960 1223 1006 sua
1243 934 1396 1006 fertilitate

337 1056 562 1112 consumatur.
572 1044 683 1111 Tertia
697 1042 805 1112 circa⁷
824 1042 1023 1113 solstitium:
1043 1068 1084 1111 ex
1104 1067 1174 1136 qua
1195 1044 1225 1111 si
1245 1039 1396 1111 humidior

336 1148 429 1219 loeus
449 1162 499 1219 cst
511 1200 521 1233 ‚
534 1161 668 1218 aestate:
691 1150 716 1217 si
739 1150 879 1234 siccior,
893 1164 1056 1219 autumno
1078 1148 1262 1244 plantatur.
1282 1150 1396 1217 Humor

336 1254 501 1349 limusque
522 1256 549 1323 si
565 1253 720 1340 deluere,
748 1256 855 1350 major
870 1257 997 1350 saporis
1020 1256 1128 1350 gratia
1150 1269 1232 1325 est:
1256 1256 1283 1323 si
1308 1252 1396 1321 abun

181 1450 185 1461 .
335 1360 469 1445 devere,
480 1357 584 1430 letior
598 1359 758 1430 fertilitas.
770 1362 900 1431 Fimum
912 1363 1075 1431 asinarum
1088 1363 1236 1429 maxime
1246 1360 1394 1430 converit

275 1550 279 1561 ¹
300 1478 316 1531 3
389 1470 449 1539 Est
462 1467 533 1535 haec
546 1491 679 1561 quoque
691 1490 745 1536 res
756 1468 843 1537 iuter
860 1492 963 1561 opera
975 1490 1088 1563 ganeae
1102 1480 1328 1562 :quapropter
1338 1488 1395 1532 nou

335 1574 461 1669 pigebit
479 1572 650 1642 verbosius
664 1576 829 1667 persequi.
845 1575 1035 1669 Praecipuus
1050 1572 1090 1643 fit
1111 1572 1219 1642 caulis
1236 1595 1348 1667 sapore
1362 1594 1394 1638 sc

334 1678 583 1774 magnitudine,
604 1679 748 1773 primum
771 1680 921 1749 omnium
950 1682 977 1749 si
1005 1680 1042 1749 in
1066 1679 1274 1773 repastinato
1299 1700 1393 1746 seras:

335 1784 413 1856 dein
436 1786 463 1855 si
486 1800 610 1854 terram
632 1784 798 1879 fugientes
816 1783 997 1855 cauliculos
1013 1809 1127 1872 seces,
1146 1808 1169 1853 a
1189 1800 1340 1879 terraque
1354 1796 1393 1848 at·

335 1889 488 1961 tollentes
503 1914 539 1959 se
555 1892 756 1985 proceritate
775 1890 944 1962 luxuriosa
967 1890 1203 1985 exaggerando
1223 1874 1336 1959 aliam'
1351 1910 1392 1954 ao

334 1994 501 2082 cumules,
515 1996 559 2067 ita
578 2022 620 2065 ue
640 1994 715 2090 plus
736 2022 838 2092 quam
860 2022 1022 2069 cacumen
1044 1998 1203 2066 emineat.
1226 1995 1390 2066 Tritimuu

333 2104 399 2173 boc
418 2126 522 2197 genus
541 2117 691 2187 vocatur,
711 2102 762 2173 bis
777 2102 991 2199 computabili
1009 2102 1200 2197 impendio,
1219 2102 1375 2194 taedioque

304 2228 320 2286 t
394 2211 523 2278 Caetera
540 2232 661 2301 genera
674 2207 848 2303 complura
861 2223 947 2279 sunt.
965 2208 1181 2279 Cumanum’
1197 2207 1299 2279 sessili
1317 2204 1391 2287 lolio,

337 2318 447 2413 capite
463 2310 625 2410 patulum.
639 2316 808 2385 Aricinum
820 2314 845 2339 '⁰
864 2314 1041 2386 altitudine
1056 2340 1126 2385 nou
1139 2314 1316 2394 excelsius,
1327 2308 1390 2381 lolio

336 2422 564 2501 numerosius,
588 2444 688 2514 quarn
705 2423 846 2491 tenuius.
865 2424 940 2491 Hoc
959 2420 1169 2491 utilissimum
1190 2422 1390 2499 existimatu,

335 2530 413 2623 quia
429 2526 491 2597 sub
507 2526 661 2596 omnibus
675 2550 771 2623 paene
791 2524 876 2597 foliis
897 2525 1064 2597 fruticat¹¹
1081 2526 1255 2597 cauliculis
1273 2520 1389 2623 peculia

334 2634 435 2705 ribus.
469 2630 742 2726 Pompeianum¹'
771 2635 958 2727 procerius,
985 2631 1079 2704 caule
1100 2634 1145 2703 ab
1166 2634 1279 2704 radice
1297 2628 1387 2711 tenui,

334 2802 377 2857 his
388 2800 517 2855 Martialis
523 2818 630 2873 qnoque
639 2839 647 2865 ,
657 2800 708 2853 lib.
718 2801 754 2867 V,
766 2801 849 2873 epigr.
895 2802 1002 2855 Tiberis
1016 2820 1079 2855 arua
1087 2802 1201 2872 ,brutia
1209 2821 1271 2875 qna
1279 2799 1388 2861 sed-,at

336 2900 432 2947 sxxrx,
443 2882 513 2934 iuter
526 2897 606 2933 ooenrs
616 2880 733 2934 fercula:
747 2906 758 2928 ι
768 2882 853 2933 Poue-
895 2894 981 2935 mater
991 2881 1079 2935 aaron
1092 2882 1197 2954 porri.-
1210 2884 1387 2935 mmm

336 2977 381 3017 tur
402 2960 491 3031 digitis
512 2957 644 3013 tenendus
660 2958 747 3013 unctis
770 2958 851 3031 Nigra
895 2980 950 3014 uon
979 2960 1104 3033 pauciora
1130 2979 1241 3034 quoque
1268 2960 1386 3016 obsessus

336 3039 482 3096 cauliculus
492 3039 580 3092 virens
588 3038 697 3109 patella,
709 3038 853 3111 Algentem
895 3040 982 3094 forms
997 3041 1041 3093 sel
1055 3039 1149 3093 colore
1159 3039 1268 3113 dispari.
1281 3040 1311 3091 Iu
1322 3036 1385 3088 tuno

338 3118 420 3176 modo
434 3120 481 3191 qui
494 3119 602 3191 reliquit
612 3118 732 3171 bortum.
745 3142 757 3165 ο
776 3116 810 3171 Η.
895 3119 979 3190 Regio
994 3119 1108 3189 amplius
1121 3119 1215 3174 vicena
1228 3131 1312 3173 notata
1324 3131 1384 3167 auo·

377 3219 402 3272 7.
415 3200 499 3253 Tertia
511 3202 586 3252 cuca.
599 3198 703 3269 Nempe
714 3198 791 3251 tertia
805 3218 852 3268 cy·
895 3200 944 3253 bis
958 3198 1105 3252 Cumauam
1120 3200 1276 3261 brassicam,
1291 3197 1338 3249 sire
1348 3210 1383 3245 n·

337 3299 389 3333 ma.
403 3278 492 3333 Haun.
894 3280 984 3340 bram,
1002 3297 1017 3331 a
1035 3277 1173 3331 Dodonaeo
1195 3278 1382 3342 delineatam}

381 3362 406 3413 8.
430 3356 614 3429 Esoggcrondo
633 3356 716 3409 ulium.
740 3358 851 3411 Terram
896 3357 1047 3422 610,Galli
1066 3370 1161 3411 vocant
1177 3360 1240 3411 clos
1253 3375 1327 3425 mage·
1340 3352 1368 3403 ll·

338 3436 488 3510 aggerando
507 3456 538 3490 ac
552 3434 802 3490 circumfundeudo.
816 3436 851 3490 Η.
938 3455 981 3491 ro.
997 3438 1133 3490 Ariciam.
1147 3438 1190 3490 Ab
1204 3436 1307 3491 ausim
1320 3448 1383 3503 ιφ»

379 3537 407 3588 9.
429 3518 572 3573 Cumanum.
598 3516 775 3569 Brassiosrum
793 3516 851 3569 baec
896 3515 930 3570 de
941 3535 996 3588 quo
1006 3516 1054 3571 lib.
1068 3518 1123 3583 111,
1138 3535 1199 3589 cap.
1210 3536 1236 3586 9.
1245 3514 1327 3568 Esau.

218 3590 225 3609 ‘
323 3595 560 3669 ‘'genera,aliaque
571 3608 764 3649 commemorat
773 3594 852 3649 Colu-
939 3614 983 3649 rr.
1005 3595 1127 3649 Frutieut.
1143 3596 1290 3651 cauliculos
1309 3588 1381 3645 edules

338 3677 429 3741 mella,
444 3676 490 3730 lib.
506 3676 544 3740 X,
558 3675 608 3745 qui
623 3672 657 3727 de
671 3676 743 3728 cultu
756 3675 851 3729 borto-
894 3662 1380 3747 prefert.1dgenusessevotuat,quod

338 3776 398 3811 rum
418 3758 489 3829 agit:
512 3782 523 3804 ι
540 3756 608 3820 Quae
623 3754 732 3825 pariunt
749 3768 851 3808 veteres
894 3756 924 3808 in
943 3754 1106 3825 Geoponicis
1123 3756 1306 3810 Consualium
1321 3757 1380 3802 ml

338 3855 448 3909 cesposo
461 3837 550 3889 littore
564 3836 673 3897 Cumae,
688 3834 756 3899 Qnae
767 3832 852 3887 dulcis
896 3832 1070 3905 enumerata
1083 3834 1208 3906 apa'qassas.
1220 3837 1284 3890 Dis..

337 3912 852 3987 PompeiapslusvicinasalinisHercu·
939 3932 984 3967 rs.
1008 3914 1188 3984 Pompeiorum.
1216 3906 1377 3981 APomptllt»

336 3994 396 4051 leis.
409 3994 548 4066 vitreoque
561 3993 622 4046 siler
633 3993 679 4063 qui
692 3992 851 4047 defluitam·
895 3994 1048 4065 Campaniae
1055 3992 1212 4067 oppido,de
1224 4013 1275 4066 quo
1284 3984 1377 4044 liblll·

336 4072 519 4140 niaQnrcduri
528 4072 851 4144 prebeutcymoaastirpe
894 4092 952 4144 cap.
965 4094 998 4141 9,
1011 4074 1052 4126 uti
1060 4092 1092 4127 ex
1103 4074 1250 4129 Columella
1259 4088 1314 4125 suos
1324 4061 1375 4119 vidi·

336 4152 450 4220 Sabelli,
465 4156 499 4208 Et
514 4152 599 4206 Turni
614 4151 695 4217 lacus,
705 4166 731 4205 et
747 4154 851 4227 pomosi
895 4172 961 4206 mus.
973 4150 1089 4207 Videtur
1100 4153 1158 4209 bec
1177 4152 1316 4214 Moneo,
1329 4159 1368 4217 pt
