2925 5009
301 457 350 528 88
571 456 609 524 C.
639 458 811 528 PLlNll
838 455 944 524 ΝΑΤ.
972 458 1101 526 HlST.

299 571 517 657 arenosum³:
536 587 745 681 maximeque
764 587 917 658 sabulum
935 587 1130 670 humidum,
1147 603 1206 658 aut
1225 588 1381 658 carbun-

299 677 435 762 culum⁴
451 690 503 760 vel
522 691 581 762 tofi
598 695 696 762 etiam
713 693 853 762 sariuam
861 693 1070 788 ,quamlibet
1084 719 1208 788 opaco,
1226 709 1381 789 septem-

285 796 496 896 ,trionalique
514 812 548 867 et
568 799 761 928 praefrigido
777 801 860 888 situ,
877 799 931 868 vel
953 803 1052 868 etiam
1075 799 1205 870 declivi.
1224 803 1383 870 Recusat

243 915 247 923 '
300 905 416 974 eadem
447 891 624 996 glareamfl
657 904 843 990 rubricam,
873 919 1018 992 cretam,
1050 931 1255 1026 omnemque
1279 921 1381 974 terra

300 1009 546 1080 fecunditatem.
571 1011 643 1079 Seri
668 1035 754 1080 nuce
777 997 968 1081 diximus:
987 1011 1046 1080 sed
1069 1015 1195 1082 nisiex
1220 1014 1381 1080 maximis

300 1141 369 1184 non
389 1116 562 1208 provenit,
580 1139 642 1184 nec
663 1119 723 1186 nisi
744 1116 869 1211 quinis⁷
889 1119 1067 1185 acervatim
1091 1120 1178 1187 satis.
1205 1117 1381 1211 Perfriugi

300 1221 408 1292 solum
424 1219 525 1290 debet
539 1207 671 1315 supra⁸,
691 1247 732 1290 ex
755 1223 929 1292 novembri
950 1247 1065 1292 mense
1085 1226 1119 1291 in
1132 1223 1380 1292 februarium:

300 1353 367 1422 quo
382 1326 498 1398 sotutae
514 1340 632 1420 sponte
646 1328 771 1398 cadunt
785 1353 827 1398 ex
840 1328 961 1398 arbore
971 1343 1099 1422 ,atque
1114 1329 1379 1399 subnascuntur

175 1490 179 1498 ,
268 1453 281 1483 ²
301 1431 480 1502 Intervalla
498 1433 563 1500 sint
577 1431 740 1526 pedalia⁹,
757 1434 901 1528 undique
914 1433 1013 1504 sulco
1026 1433 1224 1504 dodrantali.
1243 1437 1301 1503 Ex
1314 1434 1381 1502 hoc

300 1539 478 1608 seminario
493 1537 740 1609 transferuutur
752 1542 786 1608 in
798 1539 908 1627 aliud,
920 1539 1065 1635 bipedali
1083 1539 1283 1623 intervallo,
1305 1539 1379 1634 plus

300 1696 435 1749 humecto.
446 1691 528 1764 Nigra
541 1707 611 1748 terra
622 1695 674 1749 illis
689 1707 749 1766 apta
760 1709 813 1761 eat,
856 1695 937 1749 nasci.
953 1721 964 1742 ·
994 1695 1142 1750 Columella
1161 1715 1275 1768 quoque
1303 1697 1378 1767 ipse,

301 1789 334 1836 et
339 1774 530 1836 carbunculus,
552 1784 579 1826 et
592 1776 691 1847 tophus
699 1773 815 1848 diligen·
835 1774 875 1826 'l.
889 1776 937 1840 lV,
949 1793 974 1829 e.
988 1774 1024 1829 33
1037 1795 1044 1827 ι
1060 1802 1072 1824 ι
1083 1777 1196 1829 Dumosi
1204 1777 1378 1848 glareosique

302 1868 342 1908 ter
356 1853 496 1915 infractus,
511 1866 583 1906 etc.··
602 1854 693 1908 Haun.
857 1869 974 1919 montes,
987 1867 1067 1927 atque
1081 1875 1112 1909 ea
1121 1874 1216 1927 genera
1226 1869 1380 1926 serraquae

344 1934 371 1986 3.
385 1933 526 1986 biertanico
539 1951 672 1987 arenosum,
685 1933 814 1986 stetiss.
857 1932 976 1988 diximus
990 1930 1001 1995 (
1009 1933 1120 2006 spissum
1137 1948 1164 1989 et
1185 1931 1377 1994 rubricosum)

302 2014 369 2082 neg.
392 2013 509 2066 Colbert.
527 2023 553 2064 et
574 2011 693 2066 Chiiflet.
706 2014 815 2085 ipseque
857 2011 979 2084 glandem
987 2014 1070 2084 magis
1075 2032 1153 2085 qnam
1163 2027 1320 2068 ιιιιιιιοιιιι
1330 2033 1377 2085 po·

302 2091 403 2144 Pallad.
417 2093 469 2145 loc.
482 2092 526 2144 ιιι.
538 2093 569 2144 Iu
581 2091 659 2144 editis
666 2110 815 2164 perperam,
858 2093 966 2146 stulaut.
978 2117 989 2139 ι
1008 2094 1101 2147 litun.

304 2189 346 2222 trec
367 2191 415 2222 nou
434 2190 567 2224 amomum
588 2171 628 2224 Ει
648 2189 743 2224 eorum
758 2172 816 2223 haec
899 2175 925 2224 6.
947 2171 1004 2224 Seri
1021 2192 1081 2224 nuce
1101 2173 1214 2225 diuinas.
1233 2174 1299 2226 Lib.
1314 2173 1377 2234 XV,

304 2249 455 2304 emendatio
476 2249 584 2304 officina
603 2249 755 2320 prodierat,
768 2250 817 2322 qui
858 2270 882 2304 c.
905 2251 953 2313 ab,
971 2251 1018 2303 ubi
1032 2266 1163 2306 castaneas
1174 2253 1377 2306 excellentiora

304 2331 468 2394 sabulonem,
476 2330 618 2398 quolattari
625 2343 744 2383 castanea
754 2348 817 2382 mox
858 2341 916 2384 satu
930 2329 1012 2384 lactas
1029 2338 1083 2393 Διὸς
1097 2332 1217 2397 βαλάνους
1230 2332 1376 2404 appellatas

304 2407 454 2473 diuturni»
465 2425 542 2462 arena
551 2420 677 2478 putarunt
686 2410 754 2462 nihil
762 2408 817 2462 dis·
859 2409 959 2464 scribit
969 2409 1059 2463 Ηιιιιι.

305 2507 414 2560 crepare
426 2507 434 2541 :
445 2506 527 2559 quum
541 2488 663 2540 sabulum
681 2490 715 2543 sit
738 2507 817 2542 arena
900 2508 927 2560 7.
935 2489 989 2542 Nec
997 2492 1137 2563 uiriqur‘rrr's.
1144 2489 1255 2544 Colum.
1266 2491 1321 2542 loc.
1331 2488 1374 2541 eit,

306 2567 818 2638 tenui0r‚miuutiorque..tVarronecu·
862 2597 874 2618 ι
882 2567 996 2640 Spissius
1004 2580 1093 2621 autem
1106 2587 1196 2623 semen
1208 2582 1325 2641 propter
1331 2585 1375 2618 va·

305 2648 422 2718 terisque
436 2647 570 2699 latinitatis
584 2648 752 2713 auctoribus,
761 2665 817 2700 are·
858 2647 996 2700 rioscasus
1003 2646 1229 2718 deponitur:uam
1239 2643 1374 2700 interdurn

306 2745 352 2790 na,
362 2727 470 2789 sabulo,
484 2743 533 2778 ceu
545 2743 640 2795 genera
656 2724 759 2780 diversa
767 2739 819 2780 ter·
859 2726 1015 2798 priusquam
1028 2739 1179 2791 enascatur,
1188 2739 1235 2780 aut
1250 2725 1374 2780 siccitati·

306 2804 482 2860 rarumaimul
491 2805 714 2874 appellantur.De
725 2805 818 2858 sabulo
859 2807 912 2860 bus
925 2823 981 2858 nux
996 2805 1133 2872 inarescit,
1147 2818 1192 2859 aut
1203 2824 1282 2877 aque
1292 2805 1375 2858 abun·

306 2882 491 2956 accipiendum
503 2881 569 2935 illud
582 2886 741 2937 estauctoris
750 2885 820 2939 Geo-
860 2884 950 2938 dantia
961 2886 1090 2956 putrescit
1100 2905 1107 2938 ε
1116 2884 1255 2938 interdum
1271 2885 1374 2939 subter-

226 2999 229 3004 ·
306 2961 597 3036 pou.lib.X,cap.63
611 2965 820 3032 :Titarieroreu
859 2965 948 3018 raneie
969 2964 1143 3030 animalibus,
1162 2964 1240 3018 sicuti
1254 2964 1374 3018 muribus

308 3047 321 3096 ὅ
339 3064 402 3101 riter
424 3044 477 3102 Διὸς
495 3042 599 3107 βάλανοι
617 3048 732 3109 saloim,
750 3044 819 3115 dap·
861 3057 889 3097 et
900 3044 978 3114 talpis
988 3042 1140 3110 infestatur,
1153 3057 1204 3097 etc.
1221 3070 1232 3092 a
1249 3043 1343 3096 tiano.

308 3119 430 3195 μώὸιιγῄ
441 3121 482 3176 καὶ
497 3121 593 3190 ψυχροῖς
602 3123 685 3184 τόποις
694 3125 819 3194 gabardi.
903 3126 931 3178 8.
946 3123 1074 3193 Perfriugi
1091 3125 1169 3176 soum
1187 3124 1259 3176 debet
1281 3140 1372 3194 aspre,

349 3210 375 3267 ι,
392 3202 576 3256 Carbunculum.
597 3203 638 3254 De
650 3221 682 3255 en
702 3201 820 3255 diximus
862 3223 892 3255 eu
905 3203 1025 3256 novembri
1037 3222 1134 3269 meuse,
1152 3216 1203 3256 ete.
1217 3203 1305 3275 Supra
1317 3219 1375 3255 cau-

307 3302 365 3354 cap.
379 3282 406 3336 3.
417 3279 507 3334 Ηιιιιι.
861 3280 964 3346 dicem,
980 3283 1119 3352 proculab
1138 3284 1243 3336 arboris
1261 3296 1371 3337 uuuoos

350 3363 375 3415 5.
391 3363 494 3413 Iteratur
508 3359 714 3428 eodemglomu.
730 3361 820 3412 Deca-
862 3379 916 3432 quo
933 3379 1014 3414 nuces
1029 3379 1061 3414 ex
1073 3363 1170 3416 arbore
1190 3363 1285 3415 soluta
1301 3359 1372 3413 deci·

306 3455 394 3494 stanea
413 3439 543 3511 loquitur.
563 3439 596 3490 In
614 3439 688 3491 libris
701 3438 735 3491 ad
747 3439 820 3494 bunc
862 3440 1057 3494 deunculum.
1069 3441 1121 3495 loc.
1136 3443 1182 3494 eit.
1201 3467 1212 3488 ι
1223 3441 1329 3495 Seritur
1340 3437 1373 3490 ab

308 3519 378 3573 diem
398 3517 477 3572 editis
501 3518 612 3589 legitur,
633 3517 765 3572 Gallicam.
787 3521 819 3572 In
861 3521 1003 3572 novembri
1011 3533 1249 3591 mensepertotam
1259 3521 1372 3574 hiemem

308 3599 385 3654 MSS.
399 3598 463 3668 Reg.
489 3595 818 3663 r,2,cotb.1,2,3‚
862 3598 1214 3664 narramus-timu.

308 3693 334 3733 et
351 3691 404 3731 vet.
424 3677 482 3729 Dal.
504 3676 609 3747 galleam
624 3697 633 3728 :
649 3695 697 3728 nos
710 3679 819 3746 glaream
903 3698 930 3748 9.
940 3677 1371 3749 latemllaeintpedalio.1taetiam

307 3757 452 3812 certissima
474 3757 623 3825 conjectura
646 3755 818 3820 admisimus,
861 3757 940 3811 MSS.
953 3777 1054 3811 omnen.
1068 3762 1103 3810 Αι
1115 3759 1221 3810 Colum.
1231 3759 1283 3811 loo.
1300 3757 1371 3811 citat.

308 3835 484 3906 adstipulante
497 3833 616 3886 Palladio
629 3835 656 3888 iu
672 3835 817 3890 Novembr.
866 3837 974 3892 -Nucee
985 3838 1014 3890 in
1033 3836 1155 3890 ordinem
1169 3835 1371 3907 semipedalibus

308 3918 326 3969 l.
340 3917 393 3970 ΧΠ
402 3933 442 3982 ,ι.
460 3911 495 3964 de
505 3925 642 3966 castanea:
657 3938 669 3961 ι
684 3915 714 3966 ln
730 3915 816 3986 spisso
862 3918 997 3988 spatiis...
1014 3917 1042 3970 iu
1057 3914 1224 3970 altitudinem
1238 3911 1371 3968 dodrantis

308 4015 385 4067 agro,
397 3992 499 4062 iuquit,
512 4003 537 4044 et
552 3993 656 4045 rubrica
669 3994 710 4046 vix
725 4013 817 4064 prove·
861 3995 1079 4068 depressissuleis
1089 3996 1302 4060 committuntur,
1311 4005 1371 4046 etc.»

308 4075 363 4129 uit:
377 4075 402 4126 in
414 4071 504 4142 argilla
523 4083 546 4122 et
560 4070 647 4142 glarca
663 4091 716 4124 non
729 4085 817 4144 potest
862 4073 952 4127 illan.
