2925 5009
430 475 718 546 excussus
745 475 820 542 ut
1091 471 1163 568 469

88 609 120 642 ex
135 602 231 645 mutuo
242 591 389 664 eomplexu
401 593 609 660 osnslicnlstos,
622 607 716 648 cetera
735 605 812 646 teres,
826 593 926 646 liumus
943 593 999 646 slss
1010 593 1091 646 refert
1112 593 1161 646 imu

88 679 189 747 perite
200 679 322 734 sdverm
331 681 469 753 quinque,
480 682 566 735 rsrius
578 695 697 755 septem,
712 681 838 755 palmaris
851 695 876 735 et
887 681 1003 754 smplins
1018 681 1164 752 longitudi-

88 765 144 829 nis,
158 767 268 839 oblique
280 779 429 832 surrectss,
442 768 510 820 imss
523 770 706 841 superioribus
718 769 851 840 longiores
862 787 868 820 :
878 770 924 822 nlsr
940 769 1074 840 utrimque
1083 771 1111 822 iu
1124 771 1163 822 lo-

87 851 135 904 bos
146 851 306 908 dividuntur
312 855 416 907 inserto
425 872 540 908 numero
549 857 649 926 plnres,
657 857 796 929 ineqush's
807 855 1012 928 msgnitudiuis,
1022 857 1162 928 oblongos,

87 953 114 993 et
133 941 329 1013 quadamtenus
346 954 454 1008 oratos,
466 943 496 996 in
513 943 572 998 eliis
590 944 688 1016 plentis
702 955 891 1017 perangustos,
911 945 1105 1017 longiores‚ud
1119 963 1163 998 co·

86 1040 155 1083 stsm
169 1050 254 1104 usqne
266 1044 295 1086 et
305 1031 412 1104 lsrgiori
429 1032 571 1087 intervello
583 1032 738 1100 distinctos,
754 1034 876 1105 adeoque
886 1033 1025 1108 psuoiores
1036 1045 1063 1086 et
1074 1034 1164 1088 solite·

86 1117 156 1180 rios,
172 1121 251 1192 qussi
264 1118 371 1190 singnis
382 1121 448 1174 lolis
460 1121 593 1186 relersut;
607 1121 635 1174 in
647 1122 705 1176 sliis
715 1141 780 1174 vero
792 1122 913 1184 latiores,
927 1122 1079 1185 breviores,
1094 1133 1120 1174 et
1128 1121 1164 1174 ob

85 1209 238 1278 purcioresn
251 1207 414 1262 divisionem
427 1209 570 1263 continuos
580 1227 587 1262 :
599 1211 700 1264 sinibus
710 1212 768 1264 sire
779 1210 900 1264 incisuris
912 1209 1069 1282 plerumque
1080 1208 1164 1262 urstis

86 1295 130 1348 vel
147 1296 319 1361 orbiculatis,
332 1315 382 1370 pro
402 1297 477 1351 serio
489 1309 592 1352 nsturst
607 1297 723 1352 ludentis
736 1300 829 1370 genio,
842 1298 890 1370 qui
909 1316 978 1370 sepe
1000 1299 1029 1352 iu
1042 1297 1111 1352 loliis
1124 1295 1164 1349 di-

85 1402 224 1438 verssrnm
237 1383 357 1458 ejusdem
372 1386 470 1459 speciei
482 1385 636 1457 plsntsrutu
648 1386 715 1440 sdeo
730 1387 876 1459 discrepet,
894 1399 922 1438 nt
932 1385 1053 1458 ejusdem
1065 1385 1163 1458 speciei

86 1471 150 1526 solis
167 1492 226 1528 esse
242 1473 290 1528 six
303 1486 442 1547 nppsreet.
462 1475 531 1528 Lobi
545 1486 633 1528 sutem
655 1476 765 1549 oblique
781 1477 895 1531 surreeti
907 1487 986 1537 snut,
999 1476 1094 1528 subtus
1114 1492 1161 1526 sn·

86 1570 163 1632 gusto
174 1561 262 1616 dnetn
276 1581 327 1634 peu
338 1573 418 1617 coste
429 1563 510 1618 lutere
519 1564 650 1630 demissi,
663 1565 761 1620 eoloris
772 1583 804 1618 ex
820 1565 917 1636 glsueo
929 1563 1058 1626 virentis,
1069 1563 1145 1616 lseves
1156 1599 1164 1623 ,

86 1651 208 1717 essuoei,
225 1649 321 1723 rigidi,
342 1651 562 1725 irsgiles,prnns
580 1652 650 1707 lucie
669 1653 845 1716 subonnesvi,
867 1671 950 1707 nervo
972 1651 1063 1706 donsti
1081 1649 1163 1704 unico

86 1739 175 1802 tenui,
192 1738 242 1811 qui
256 1757 273 1792 s
290 1751 363 1818 oosts
375 1757 424 1812 per
439 1739 632 1812 longitudinem
646 1741 810 1814 inssqnsliter
826 1741 958 1807 decurrit,
973 1758 1036 1794 rsro
1050 1738 1163 1792 leteruli·

86 1825 135 1878 bns
147 1825 209 1878 aliis
223 1826 338 1882 socistns
348 1827 625 1901 :megnitndoincerts
634 1842 779 1902 est,qusm
788 1827 918 1883 reducere
925 1828 959 1883 sd
970 1826 1163 1900 longitudinem

86 1913 272 1979 uiuncislem,
284 1915 451 1970 latitudinem
464 1917 525 1989 plns
536 1918 626 1971 miuus
635 1918 791 1990 pollicerent
806 1918 890 1970 licent.
903 1919 972 1970 Ante
991 1915 1088 1970 rsdieis
1098 1914 1164 1966 inte·

86 1999 168 2054 ritum
180 2001 231 2086 qni
242 2014 274 2056 ut
286 2002 436 2074 plurimum
447 2021 507 2058 sees
524 2017 602 2059 suste
613 2006 719 2070 evenit,
739 2023 792 2058 uus
806 2023 869 2058 eum
892 2004 1018 2058 loliorum
1036 2001 1164 2056 lssoiculo

86 2092 198 2162 emergit
215 2091 301 2144 mulis
323 2092 450 2165 simplex,
470 2105 572 2155 rectus,
585 2105 670 2158 teres,
686 2092 888 2166 quodammodo
907 2093 1029 2154 stristus,
1050 2091 1162 2164 glaber,

86 2176 254 2245 herbsoeus,
265 2179 293 2232 in
307 2179 404 2254 orgyist
413 2183 546 2251 (besue),
563 2177 755 2255 sesquiorgyio
769 2181 811 2234 vel
824 2183 952 2253 mojorem
971 2177 1162 2251 longitudinem

85 2263 223 2320 luxuriose
234 2285 394 2340 exsurgens,
407 2268 525 2322 crassitie
535 2269 564 2321 in
575 2268 631 2322 imo
641 2281 741 2342 qusutn
752 2286 847 2322 manus
858 2268 1027 2340 complexum
1039 2277 1163 2337 superet,

87 2371 119 2406 es
131 2373 189 2427 qus
203 2355 333 2428 punierim
345 2357 431 2410 lectus
446 2357 550 2411 tenuior
561 2358 592 2410 iu
607 2376 698 2412 rsutos
711 2375 826 2430 ponens,
839 2356 868 2410 hi
885 2375 949 2410 vem
965 2356 992 2409 in
1012 2354 1162 2416 umbellas,

87 2441 282 2499 ferulseeosum
293 2447 368 2518 lege,
380 2445 555 2499 divelluntur.
567 2445 704 2499 Foliorum
722 2447 836 2501 vestitur
851 2443 1010 2498 rudimentis
1023 2463 1072 2516 per
1083 2443 1162 2496 inter-

87 2530 157 2584 valls
173 2531 306 2604 pulueris
321 2534 471 2588 slternstim
484 2535 591 2589 eonsitis
601 2574 609 2600 ,
621 2553 738 2607 quornm
758 2536 835 2588 beses
853 2533 931 2596 lstsr,
955 2533 1167 2594 membraneus,

89 2619 220 2692 turgide,
233 2621 340 2674 esnlem
355 2620 524 2693 inoqmliter
541 2634 567 2676 et
584 2635 730 2694 utcumque
743 2619 900 2674 decussatim
915 2621 1112 2692 emplexsutur,
1125 2616 1164 2669 di·

88 2705 223 2778 lspanue
240 2707 375 2779 impressis
389 2709 495 2778 signent
508 2708 623 2780 vestigiis
636 2706 758 2779 geniculs
770 2707 967 2762 mentientibus.
979 2705 1098 2760 Medulis
1112 2705 1163 2758 inm

84 2792 157 2846 eitnr
171 2794 304 2866 geniculis
315 2793 389 2848 hsnd
409 2795 571 2866 intersepts,
591 2795 786 2866 eopiosissisns,
802 2793 1007 2856 candidissima,
1025 2794 1161 2865 fungosa,

88 2882 180 2952 pensis
192 2882 323 2954 permists
333 2882 408 2937 libris
425 2883 567 2946 brevibus,
580 2883 670 2954 vsgis,
683 2883 711 2934 in
730 2883 839 2954 longum
851 2881 1020 2954 esporreetis.
1032 2880 1161 2934 Umbella

88 2971 200 3039 peduli,
222 2972 281 3026 sliu
298 2971 450 3044 spithsuuli
472 2972 514 3026 vel
531 2971 650 3025 breviori
665 2971 736 3043 stylo
759 2973 827 3025 nixu
847 2973 875 3025 in
892 2969 980 3024 rsdios
993 2969 1161 3042 explicentur

88 3060 226 3128 plusculos
240 3059 435 3126 to,15,soin
448 3061 542 3114 orbern
560 3057 712 3130 dispmsos3
731 3059 777 3132 qui
792 3059 888 3127 singuli
908 3059 984 3132 qussi
996 3059 1161 3112 subalternae

89 3146 218 3198 umbellas
230 3145 365 3200 reddituri
378 3147 406 3200 in
423 3145 541 3200 rsdiolos
555 3165 657 3220 psncos
667 3147 735 3200 elios
747 3149 762 3202 5
776 3147 818 3201 vel
834 3151 851 3198 6
864 3145 1004 3200 hiuucislis
1013 3142 1160 3217 longitudi-

89 3233 130 3286 nis
140 3234 303 3297 terminent,
321 3234 407 3287 axillis
419 3234 545 3288 brevibus
561 3233 773 3306 tenuissimisque
785 3245 960 3288 sustentantes
970 3232 1071 3288 semme
1088 3231 1161 3286 nuds

88 3339 120 3374 sc
137 3333 266 3376 surreets.
280 3323 376 3377 Semen
397 3335 439 3377 est
460 3324 592 3396 plenum,
615 3321 771 3388 loliseeum,
786 3341 817 3376 ex
835 3323 910 3376 lusco
938 3323 1044 3382 rufum.
1069 3321 1160 3393 ligure

88 3425 187 3474 etsta,
206 3410 359 3485 sphondylii
378 3412 421 3465 vel
441 3411 583 3484 pestiuscse
606 3411 740 3465 hortensis
760 3411 854 3464 semini
877 3430 932 3464 non
949 3409 1087 3474 absimile,
1106 3409 1158 3464 hoc

91 3501 277 3570 tamenpsulo
297 3503 386 3573 msjns
403 3513 431 3554 et
451 3500 572 3572 nigrius,
595 3499 793 3572 quadamtenus
812 3499 927 3572 pilosum
945 3498 999 3552 sive
1015 3515 1159 3571 asperum,

89 3588 175 3641 tribus
189 3598 308 3642 notstnm
322 3588 406 3656 striis,
419 3607 472 3642 uns
493 3607 540 3660 per
554 3588 671 3642 medinm
689 3587 902 3660 longitudinem,
920 3587 1028 3660 reliquis
1042 3605 1089 3658 per
1100 3587 1160 3640 fim-

90 3676 178 3729 brium
191 3689 300 3730 arcuato
311 3676 396 3732 duetu
411 3676 445 3731 nd
457 3677 546 3750 spioes
566 3677 699 3749 utrimque
712 3673 849 3748 productis
861 3675 961 3730 :odore
975 3675 1091 3728 donatur
1103 3675 1160 3728 eui·

89 3783 159 3835 guo,
172 3781 316 3835 porraceo,
328 3783 424 3837 sapore
434 3763 527 3835 gravi,
542 3775 620 3818 route
640 3775 818 3817 nmsreseente
829 3780 836 3816 ι
849 3761 993 3816 medullsm
1006 3781 1054 3816 seu
1066 3779 1159 3816 verum

90 3871 181 3905 semen
195 3851 224 3904 in
242 3851 331 3906 medio
342 3855 415 3908 lovet
431 3864 514 3906 strsm
524 3889 534 3918 ,
546 3870 737 3925 eompressum,
748 3851 841 3921 ligure
854 3870 885 3904 ex
898 3865 977 3905 oveto
989 3862 1159 3904 mucronato.

92 3939 184 3993 flores
196 3940 367 4013 Kemplerns
380 3960 436 3994 non
450 3938 532 4005 vidit,
545 3939 592 3995 sed
607 3958 639 3993 es
649 3939 764 3993 aliorum
782 3939 909 3992 relatione
920 3957 1072 4011 praeparvos
1083 3937 1162 4004 dicit,

91 4040 117 4080 et
129 4029 157 4080 in
172 4027 292 4082 elbidum
310 4031 438 4103 pallentes
448 4048 454 4081 :
464 4044 559 4084 auctor
571 4030 754 4100 pentapetslos
772 4047 828 4082 esse
840 4047 893 4080 non
905 4027 1018 4080 dubitet.

127 4117 160 4174 1n
173 4116 261 4172 Persis
274 4120 330 4173 lure
348 4119 440 4192 plnnts
452 4118 588 4180 naseiturt
607 4130 634 4171 et
645 4118 733 4176 omnis
746 4135 802 4170 usse
814 4115 907 4172 lotide
918 4134 979 4188 qum
988 4115 1016 4168 iu
1026 4117 1160 4188 Europum

992 4183 1055 4269 30³
