2925 5009
307 444 372 520 152
568 451 606 520 C.
634 451 802 522 PLINII
826 451 930 521 Nat.
955 448 1079 518 HIST.

301 607 377 652 rum
401 581 571 668 sordibus,
589 584 651 652 nisi
668 583 816 653 admixta
837 606 922 678 aqua
941 610 949 652 ι
965 577 1065 650 item²
1085 577 1218 674 largius.
1237 582 1370 648 lustum

242 709 245 717 '
301 689 491 760 existimant
509 690 543 758 in
555 688 659 759 denos
673 689 774 786 pedes
792 689 990 784 quadratos,
1005 701 1074 756 tres
1089 687 1229 756 modios.
1245 685 1282 754 ld
1295 687 1371 779 qui·

300 793 375 864 dem
397 793 459 864 soli
473 809 592 866 natura
613 797 778 866 decernet

270 935 280 970 ι
354 903 496 971 XLVII.
520 901 722 973 Columbina
747 927 786 972 ac
808 900 905 972 suillo
926 899 1033 996 plagis
1057 923 1191 992 quoque
1212 897 1372 966 arborum

303 1006 487 1078 medentur.
510 1010 546 1078 Si
566 1008 651 1078 mala
671 1007 810 1103 punica¹
837 1008 931 1078 acida
948 1005 1150 1090 inescantur,
1170 1002 1373 1098 ablaqueatis

302 1110 483 1184 radicibus²
506 1113 623 1184 fimum
644 1115 778 1186 suillum
799 1115 960 1184 adhibent
979 1135 1049 1192 :eo
1074 1135 1163 1179 anuo
1185 1109 1372 1196 vinolenta,

299 1221 453 1312 proximo
480 1219 589 1290 dulcia
617 1221 740 1290 futura.
765 1219 829 1290 Alii
852 1222 949 1290 urina
954 1205 1131 1286 ³liominis
1156 1241 1242 1311 aqua
1263 1218 1371 1285 mixta

301 1324 439 1419 tigando
457 1341 594 1396 censent
611 1341 729 1421 quater
746 1351 835 1397 anno
843 1324 1006 1420 ‚singulis
1025 1323 1216 1460 amphoris:
1237 1337 1299 1391 aut
1314 1345 1373 1391 oa·

223 1480 231 1494 ,
302 1433 436 1500 cumina
457 1433 567 1527 spargi
584 1435 663 1502 vino
680 1433 785 1503 lasere
797 1433 912 1503 diluto
928 1435 963 1562 ssi
981 1416 1197 1498 findanturl·
1188 1429 1372 1513 marbore,

300 1535 516 1630 pediculum
506 1541 702 1670 intorquem..
714 1540 800 1609 Ficis
818 1523 950 1658 utique⁵
963 1560 1133 1606 amurcam
1147 1534 1288 1604 affitndi.
1303 1537 1374 1604 Cae-

300 1645 378 1714 teria
405 1631 603 1716 arboribus⁶
624 1647 720 1764 aegris
741 1646 856 1715 laecem
880 1645 969 1730 vini,
991 1657 1049 1711 aut
1070 1640 1222 1736 lupinum
1243 1643 1371 1711 circum

300 1747 427 1820 radices
448 1774 561 1820 earum
586 1753 660 1820 seri
682 1755 780 1846 Aqua
797 1775 930 1846 quoque
950 1747 1055 1844 lupini
1077 1746 1257 1824 decocti
1227 1772 1369 1816 circum·

300 1853 373 1926 lusa
390 1857 498 1950 pomis
511 1856 656 1951 prodest.
671 1857 759 1937 Fici,
781 1881 884 1950 quum
898 1853 1138 1926 Vulcanalibus
1155 1853 1370 1940 tonuit⁷‚ca·

299 1959 393 2031 dunt.
422 1961 620 2031 Remedium
649 1978 716 2052 est,
746 1979 785 2032 ut
813 1977 890 2031 ante
922 1958 1044 2056 stipula
1065 1959 1254 2029 hordeacea
1289 1983 1372 2028 asca

299 2054 539 2162 stringantur⁸.
563 2069 704 2139 Cerasos
727 2093 894 2164 praecoces
914 2067 1015 2153 lacit,
1043 2067 1200 2161 cogitque
1224 2081 1370 2134 mature·

341 2251 447 2306 Jeem.
455 2253 522 2307 Item
530 2255 629 2327 quodvis
630 2254 717 2326 fimum
727 2276 813 2310 uineas
856 2253 940 2318 dant,
960 2254 1138 2322 intorqucto:
1164 2249 1259 2304 eodem
1289 2247 1370 2304 medo

299 2334 361 2397 iuit,
371 2331 393 2386 ai
405 2331 503 2404 largius
510 2337 551 2387 sit.
561 2335 653 2388 liano.
855 2334 1032 2388 servabuntur
1044 2332 1201 2402 incorrupta
1218 2329 1298 2383 etiam
1316 2342 1370 2384 toto

341 2411 684 2484 vatt.1.Stm.pum·ea.
704 2416 812 2469 Colum.
855 2432 966 2480 anuo„
985 2409 1084 2464 Pallad.
1105 2411 1170 2464 item
1195 2410 1213 2461 l
1235 2427 1259 2462 c.
1276 2409 1312 2462 ll.

300 2489 347 2543 lib.
358 2491 394 2556 V,
403 2509 460 2562 cup.
474 2511 524 2545 aot
536 2511 564 2546 :t
573 2493 654 2558 Quod
663 2493 684 2547 ai
695 2493 813 2560 acidum,
898 2491 925 2546 5.
946 2491 1015 2544 Fau
1036 2494 1126 2562 utique.
1147 2487 1248 2542 Pallod.
1261 2489 1281 2541 l.
1295 2507 1320 2544 c.
1331 2488 1369 2541 tit.

301 2571 448 2624 autminus
467 2569 573 2624 dulcem
594 2573 709 2627 fructum
727 2574 813 2639 leret,
860 2569 944 2624 tude
963 2571 1031 2634 lieu,
1046 2581 1108 2640 post
1122 2569 1266 2623 Colo-cll.
1281 2567 1369 2632 tim,

300 2648 355 2701 hoc
369 2649 451 2703 modo
469 2649 664 2704 emendabitur.
691 2653 814 2714 Stmcore
857 2649 1070 2723 captonaco.

301 2727 381 2781 auillo
394 2729 565 2795 ethomme,
580 2731 710 2803 urinaque
723 2743 814 2785 vetere
898 2733 926 2782 6.
940 2730 1042 2782 Ceteris
1056 2727 1191 2780 «rhombus.
1207 2725 1309 2782 Pallad.
1324 2727 1367 2779 lili.

301 2805 403 2862 radices
417 2809 510 2879 rigato.
530 2809 569 2863 Ea
588 2827 631 2864 rea
650 2825 676 2865 et
697 2811 813 2864 fertilem
856 2810 898 2862 XI
912 2808 939 2861 in
953 2808 1050 2862 Octob.
1066 2820 1084 2860 t
1101 2805 1369 2877 12‚depomis:·st

302 2887 425 2940 arborem
443 2885 548 2948 reddit,
571 2902 599 2943 et
620 2889 715 2962 primia
736 2891 814 2945 aunis
856 2906 925 2960 ugit
939 2901 979 2942 eat
999 2888 1091 2950 arbor,
1107 2886 1183 2940 feces
1200 2887 1259 2938 vini
1278 2885 1370 2940 veteris

302 2965 420 3021 laudum
438 2967 578 3034 vinosum,
605 2982 631 3023 et
656 2981 717 3041 pont
738 2971 814 3042 ‹puiu-
856 2968 1016 3040 ablaqueato
1030 2979 1137 3038 oportet
1152 2965 1276 3030 infundi,
1290 2979 1365 3019 etc.-

300 3045 447 3116 queuulum
461 3043 568 3100 dulcem
577 3061 603 3102 et
613 3067 761 3120 epyrecum
774 3051 814 3105 fu·
857 3049 898 3102 De
910 3049 971 3119 piro
983 3047 1113 3112 similiter,
1122 3045 1150 3098 iu
1160 3045 1239 3098 Febr.
1250 3059 1270 3098 t.
1279 3047 1325 3099 25.
1335 3045 1368 3097 ll.

301 3125 345 3177 cit.
360 3125 416 3179 Noa
424 3125 550 3198 exiguum
563 3127 710 3182 admodum
723 3130 814 3184 luseris
898 3145 924 3198 7.
936 3127 1111 3180 Vulcanalibus
1120 3128 1206 3177 tonuit.
1213 3124 1368 3178 Vatmmtia

300 3205 364 3258 vino
375 3203 516 3274 diluimus,
532 3220 558 3260 et
568 3208 603 3261 ita
616 3209 758 3262 cucumim·
775 3229 814 3263 ιιι
857 3207 980 3277 Angusto
988 3207 1174 3260 celebrentur:
1186 3223 1243 3276 quo
1252 3219 1369 3278 tempore

300 3283 375 3336 buria
394 3303 497 3338 summe
522 3287 691 3341 oblevimusa
717 3308 748 3341 eu
772 3307 814 3343 res
857 3287 1028 3340 fieb-iterun
1042 3284 1235 3338 suduculum.
1253 3285 1367 3345 tiata.

301 3361 455 3417 emendavit
466 3383 571 3420 acomm
581 3368 814 3422 melorum-lisso
858 3384 916 3436 cap.
932 3367 959 3420 3.
978 3367 1046 3419 Dii..
1070 3395 1108 3408 --
1132 3365 1317 3417 Voluntatem.
1331 3364 1368 3415 De

300 3461 408 3516 quoque
421 3443 566 3512 Palladius,
578 3446 683 3518 aliaque
697 3448 815 3518 suggerit
857 3447 899 3500 his
910 3445 979 3498 libro
992 3457 1131 3516 sequeiite,
1146 3462 1205 3514 cap.
1219 3442 1266 3498 3⁵.
1277 3443 1367 3496 Ηιιι).

300 3521 396 3576 similia
419 3521 632 3588 medicamenta,
660 3527 707 3578 lib.
726 3528 768 3579 tv
784 3528 813 3580 in
899 3528 925 3580 8.
953 3527 1029 3577 Am
1042 3527 1202 3594 stringantur.
1223 3523 1269 3576 Sic
1292 3522 1367 3575 MSS.

300 3600 414 3669 Martio,
435 3615 453 3656 t.
472 3621 498 3672 9.
513 3605 601 3660 lituo.
856 3603 1079 3676 editiquaomnea
1099 3625 1107 3658 z
1128 3615 1209 3656 recte.
1234 3601 1367 3656 Sententia

341 3703 367 3734 a.
394 3681 555 3755 Ablaqueutis
581 3683 727 3747 radicidm,
759 3697 811 3740 etc.
856 3681 1368 3748 est,adversusvimtonitrui‚ueflcus

300 3759 407 3814 Colum.
423 3761 471 3814 lib.
484 3765 520 3829 V,
534 3781 591 3834 cap.
609 3781 651 3818 ιο.
667 3766 770 3818 Dauno.
856 3761 993 3826 decidunt,
1009 3760 1159 3814 remedium
1173 3760 1243 3814 illud
1258 3780 1273 3813 a
1288 3760 1367 3814 rusti·

341 3839 369 3894 3.
384 3840 442 3892 Alii
453 3845 533 3894 urtica.
547 3841 646 3898 Pallud.
658 3843 675 3896 l.
689 3863 713 3897 c.
725 3844 762 3896 Η.
856 3843 928 3896 cauit
944 3841 1099 3895 hominibus
1122 3839 1244 3894 adhiberi
1263 3861 1272 3894 ι
1298 3857 1367 3893 arens

342 3925 369 3981 4.
400 3916 430 3970 Sc'
451 3919 590 3988 finduntur.
614 3923 721 3976 Colum.
744 3923 762 3975 l.
785 3943 811 3979 c.
854 3923 982 3976 nimirum
1007 3921 1102 3992 stipula
1120 3919 1267 3973 hordeacea
1289 3920 1367 3991 eptae

301 3995 395 4051 *Mala
408 3998 504 4067 punicu
522 4020 556 4055 ne
572 4003 599 4055 in
619 4003 715 4056 arbore
736 4021 811 4056 rum·
855 4020 886 4054 uc
898 4001 979 4056 deuse
998 4001 1097 4072 spargi.
1123 3998 1157 4052 ld
1171 4000 1243 4052 euim
1256 4017 1309 4052 vox
1321 4017 1367 4058 ea.

299 4089 398 4154 patitur
408 4117 414 4132 .
424 4118 445 4131 ..
461 4081 591 4148 ramulos,
603 4083 701 4154 quibui
712 4081 812 4152 dcpeo·
855 4085 954 4153 ataugi,
965 4082 1017 4134 lioc
1028 4082 1088 4133 looo
1101 4092 1184 4134 sonat.
1199 4081 1290 4133 Ηιιιι.
