2925 5009
490 513 643 582 LIBER
670 513 754 581 XX.
1024 553 1029 564 ·
1086 509 1155 601 541

83 633 218 716 tranans‘
228 658 366 730 vocant,
380 629 660 714 inimicissimam⁵
678 645 776 730 vino,
789 667 888 738 quam
904 645 1070 740 praecipue
1084 647 1161 717 vitis

81 753 208 847 higini:
223 765 283 821 aut
296 751 324 820 si
340 775 408 820 non
419 751 523 844 possit
532 749 659 844 sugere,
667 751 837 819 moriatur.
852 736 957 819 Folia⁶
968 749 1070 821 habet
1083 777 1160 838 una,

81 881 207 952 parva,
223 855 382 940 rotunda,
405 853 516 939 laevia,
537 854 658 950 plantis
675 854 795 926 oleris⁷
811 853 967 942 similior,
988 857 1160 927 candidior

79 965 207 1049 musa,
229 978 264 1033 et
283 961 451 1031 hirsutior.
486 963 582 1029 Hanc
606 961 831 1031 inflationibus
861 961 1005 1050 mederi,
1030 963 1154 1032 melan·
1176 995 1189 1026 2

80 1068 225 1140 cholicis
239 1092 391 1163 quoque,
408 1091 449 1136 ac
462 1065 655 1137 vulneribus
672 1067 876 1154 recentibus,
891 1091 967 1136 cum
987 1067 1099 1156 melle,
1113 1071 1158 1139 ita

80 1199 125 1244 ne
148 1173 325 1244 solvantur
343 1187 422 1242 ante
440 1171 528 1242 diem
550 1174 729 1267 septimum
751 1198 759 1242 ε
780 1175 932 1257 strumis,
961 1171 1098 1259 fistulis,
1123 1178 1156 1244 in

80 1305 171 1374 aqua
187 1281 386 1363 contritam,
404 1277 611 1372 Chrysippus
626 1277 745 1348 au'ctor
762 1292 821 1348 est.
841 1281 884 1348 Et
903 1277 956 1348 alii
971 1303 1052 1348 vero
1067 1305 1156 1350 com·

80 1409 222 1482 poscere
239 1384 327 1454 mala
346 1385 495 1478 corporis
508 1409 583 1478 quse
595 1398 751 1478 serpant:
769 1408 885 1453 noinas
900 1371 1048 1454 vocant⁸.
1071 1389 1156 1456 Item

81 1493 312 1562 excrescentia
342 1490 527 1559 absumere.
562 1491 743 1560 Cicatrices
768 1490 811 1558 ad
838 1489 974 1584 planum
997 1490 1155 1586 redigere.

81 1599 164 1668 Oris
181 1595 321 1666 hulcera
337 1609 372 1664 et
389 1593 556 1680 tonsillas,
577 1595 809 1666 manducatam
829 1609 862 1666 et
882 1609 1031 1684 coctam,
1053 1621 1156 1666 succo

81 1704 294 1799 gargarizato
308 1726 386 1772 cum
401 1699 499 1770 melle
518 1698 644 1770 tollere.
663 1703 750 1770 Item
765 1725 880 1794 psoras
892 1717 925 1770 et
940 1700 1048 1796 lepras
1063 1717 1154 1772 vete·
1174 1719 1190 1772 3

80 1835 156 1896 ras,
181 1809 284 1902 ipsius
299 1807 405 1878 tribus
426 1805 576 1900 partibus
592 1831 670 1876 cum
690 1805 821 1876 duabus
840 1805 994 1876 aluminis
1012 1809 1045 1876 in
1060 1824 1155 1880 aceto

80 1917 151 1984 acri
167 1911 265 1983 illitis.
285 1912 507 2008 Epicharmus
526 1911 605 1980 satis
622 1935 693 1980 esse
705 1929 778 1980 eam
796 1926 912 1981 contra
929 1915 1019 1983 canis
1034 1914 1160 1984 rabiosi

81 2045 233 2090 morsum
249 2019 385 2114 imponi.
397 2017 520 2087 Melius
529 2019 557 2086 si
569 2041 645 2086 cum
656 2015 778 2104 lasere,
791 2032 824 2086 et
834 2031 928 2087 aceto
937 2021 1015 2088 acri.
1033 2019 1153 2089 Necari

80 2151 217 2222 quoque
234 2149 334 2195 canes
351 2147 406 2209 ea,
426 2125 453 2192 si
475 2122 583 2207 detur,
602 2147 643 2192 ex
664 2147 774 2192 carne.
796 2125 915 2194 Semen
934 2125 1006 2217 ejus
1028 2138 1150 2195 tostum

80 2233 259 2302 auxiliatur
286 2243 402 2301 contra
432 2243 622 2323 serpentes,
655 2227 792 2323 fisngcs,
817 2228 928 2297 tauri⁹
948 2231 1152 2325 sanguinem.

80 2337 175 2408 Folia
191 2352 288 2407 cocta
307 2335 460 2432 splenicis
472 2335 507 2402 in
520 2335 595 2402 cibo
609 2333 705 2418 data,
722 2350 757 2404 et
771 2333 872 2404 cruda
894 2333 974 2402 illita
991 2360 1066 2405 cum
1086 2336 1151 2406 sul·

80 2445 192 2539 phure
205 2458 240 2513 et
259 2445 349 2512 nitro
368 2454 519 2536 prosunt.
539 2441 626 2509 Item
648 2463 869 2510 mammarum
888 2440 1027 2511 duritiae.
1050 2441 1146 2512 Radi·
1171 2469 1185 2516 s

123 2634 151 2692 4.
175 2628 305 2680 Pesroeass.
319 2621 401 2690 Quod
418 2622 446 2676 in
464 2622 531 2676 locis
548 2641 597 2694 pe·
638 2621 708 2675 Plin.
734 2621 782 2675 lib.
803 2623 913 2683 xxw,
934 2641 992 2694 cap.
1016 2641 1039 2676 r.
1061 2624 1152 2678 Hsan.

80 2705 392 2778 trosis,prasruptisque
414 2703 549 2766 nascitur,
570 2704 596 2754 ts
627 2761 631 2768 .
679 2706 707 2756 6.
728 2701 867 2755 Felicita
891 2703 956 2772 neg.
985 2701 1077 2756 scod.
1097 2705 1151 2757 Alii

79 2783 240 2858 apspssidsos
250 2786 349 2848 τόποις,
363 2795 391 2835 nt
406 2782 442 2834 ait
451 2781 538 2834 Dicae
552 2781 597 2846 ll,
637 2779 695 2832 briss
715 2780 830 2852 legunt:
846 2779 891 2834 sed
912 2782 989 2836 falso.
1015 2781 1070 2833 Usa
1085 2801 1151 2835 sero

84 2858 596 2936 147,aqnohsscd·fpisspdpisrcca·
637 2858 710 2912 idem
724 2873 776 2925 ert,
791 2859 1094 2932 atqueuniusganeris,
1120 2881 1151 2916 sc

79 2958 136 2998 tur.
161 2944 228 2996 liae
247 2941 340 2996 eadem
362 2941 407 2994 illa
432 2952 484 3005 est,
507 2939 596 3011 inquit
637 2937 721 2992 modi.
738 2939 827 2992 llario.

81 3019 594 3091 linellins,11‚132,quatotaxercnit,
679 3035 706 3088 7.
725 3019 816 3072 Olaris.
831 3018 889 3072 llcr
903 3029 955 3080 cst,
973 3018 1094 3073 brassica
1107 3037 1149 3074 as-

80 3097 596 3162 immoveroocciditGrammaticcs,illc
638 3098 810 3152 tiranllsao.

80 3183 195 3256 Satyriei
201 3181 332 3236 semriolo
338 3179 596 3248 vaticinante,quau·
678 3177 706 3230 8.
727 3178 766 3229 Et
782 3178 828 3230 alii
846 3196 905 3228 cero
922 3195 1067 3247 compescere
1084 3179 1150 3231 mala

79 3275 136 3317 tans
161 3280 269 3316 crucem
291 3258 388 3312 nocuis
413 3256 512 3311 criticis
530 3255 596 3308 olim
638 3259 745 3326 corporis
765 3277 819 3328 qua
832 3269 942 3326 remant,
957 3271 1148 3310 romanoram.

80 3355 215 3414 poneret,
230 3337 358 3393 ·0ecidit
370 3335 596 3392 nsiseroserambe
637 3334 705 3388 Aliis
723 3335 815 3390 mrdtis
833 3335 899 3388 locis
918 3335 956 3388 sic
975 3333 1094 3389 reddidit
1112 3340 1150 3408 tp-

79 3422 195 3493 repetita
204 3420 350 3491 magistros.
367 3443 380 3466 ι
397 3419 488 3470 llsao.
636 3433 720 3476 anser
737 3413 910 3468 Dioscoridis.
923 3417 990 3468 Dan.
1002 3415 1149 3470 -Nonsaa

123 3501 151 3554 5.
168 3500 355 3553 inimicissimas
364 3499 437 3559 ciac,
450 3515 596 3566 quamproe·
637 3493 721 3564 Nepai
735 3507 795 3548 sunt
811 3493 844 3548 τὰ
856 3494 979 3565 sspc'pssa
996 3500 1044 3546 τῶν
1060 3497 1148 3560 lixas,

80 3584 151 3652 cipm
175 3583 234 3632 sitis
253 3580 348 3648 fugiat.
371 3575 482 3645 Quippe
504 3575 549 3630 cui
573 3574 597 3629 si
637 3571 906 3645 hulceraserpentia,
921 3591 981 3644 qna
994 3571 1148 3644 depascunt.

80 3662 144 3715 vitis
159 3659 310 3720 adseratur,
326 3675 341 3709 a
360 3655 472 3708 brassica
488 3651 596 3708 recedat
640 3651 733 3706 lisso.

80 3759 112 3794 ea
125 3757 208 3811 qnam
221 3737 306 3808 possit
314 3732 467 3807 longissime
475 3771 483 3800 ,
492 3746 523 3786 nt
535 3733 596 3806 qni·
678 3751 706 3801 9.
728 3732 816 3784 Tauri.
833 3730 878 3784 Sic
900 3747 932 3783 ex
955 3730 1032 3784 MSS.
1045 3730 1149 3785 emend.

79 3817 143 3872 dem
156 3815 249 3890 prodit
260 3829 352 3869 auctor
371 3813 458 3884 Geop.
479 3813 521 3875 V,
549 3831 596 3866 rr.
638 3809 723 3864 Hasd.
743 3829 815 3864 cons.
834 3809 884 3864 Ch.
895 3811 1028 3880 fungorum
1041 3829 1150 3877 masau,

80 3899 214 3952 Paxamus
220 3895 293 3967 apud
303 3893 426 3948 eumdem
443 3903 594 3954 auctorem,
639 3894 706 3943 tauri
724 3891 773 3944 Gr.
789 3902 816 3943 et
834 3889 879 3942 sl.
896 3891 947 3941 Eo.
959 3919 999 3932 -
1016 3889 1101 3944 Tauri.
1117 3893 1151 3944 Et

81 3979 155 4042 111,
173 3995 226 4047 17,
250 3993 310 4046 pag.
326 3973 401 4042 3³9,
418 3971 454 4024 ait
474 3983 520 4023 sut
534 3973 596 4025 tabe
638 3969 764 4024 adsersus
773 3968 870 4022 taurini
880 3968 1015 4038 sanguinis
1024 3969 1097 4040 epoti
1107 3987 1151 4022 se·

81 4069 139 4110 tum
154 4054 310 4116 brassicam,
324 4051 458 4106 astritem
469 4050 595 4104 interitu·
637 4067 741 4103 uenum
762 4047 883 4101 auxiliari
903 4045 1025 4100 brassica
1043 4065 1149 4112 semen,

82 4153 141 4190 ram
150 4153 214 4191 esse.
228 4135 270 4188 De
281 4133 333 4189 hac
348 4129 488 4187 inimicitia
497 4129 595 4184 iterum
638 4142 732 4186 auctor
743 4142 782 4183 est
792 4128 882 4182 Diosc.
897 4125 923 4182 in
936 4127 1010 4180 Alex.
1022 4146 1046 4180 c.
1062 4127 1149 4182 sall.
