2925 5009
333 464 429 557 4ουΙ
609 460 648 527 e.
674 456 841 527 cuiun
868 455 974 526 uir.
999 457 1132 526 nisu.

334 580 440 665 rium⁶
455 606 513 663 :·et
523 589 800 687 plebeium,quod
811 588 906 660 humi
916 590 1014 685 repit.
1025 589 1067 657 ln
1078 589 1389 684 priore⁷tniretuuti

332 697 486 796 pediculo
499 698 639 769 libratur
649 696 781 792 pondus
787 695 958 766 immobile
969 719 1067 765 auru.
1077 696 1265 768 Cucurbitu
1273 722 1389 793 quoque

333 809 425 877 omni
439 805 541 875 modo
559 804 746 899 fastigatur,
752 787 899 898 vaginis⁸
911 803 1055 871 maxime
1068 800 1240 891 vitilibus,
1253 805 1389 899 conjectu

333 916 366 982 in
380 936 436 983 eas
450 926 628 1008 postquam
645 909 823 995 defloruit3
840 909 1027 1003 crescitque
1043 932 1111 1002 qua
1127 912 1265 1005 cogitur
1277 909 1389 992 formu,

332 1018 527 1114 plerumque
544 1030 579 1087 et
591 1015 746 1086 draconis
758 1016 873 1085 intorti
887 1014 1005 1109 ligura.
1024 1014 1198 1085 Libertate
1221 1042 1301 1087 rem
1316 1042 1389 1111 pm-

331 1124 383 1195 sili
403 1146 581 1209 concessu,
605 1122 675 1216 jam
701 1122 773 1191 visa
799 1134 850 1191 est
873 1145 995 1191 novem
1022 1120 1149 1215 pedum
1174 1120 1388 1218 longitudinis.

330 1227 581 1302 Particulatim⁹
608 1228 758 1298 cucumis
778 1226 895 1311 lloret,
924 1228 986 1297 sibi
1009 1228 1081 1321 ipse
1104 1230 1388 1323 superflorcsoens:

331 1352 365 1407 et
390 1338 543 1407 sicciores
572 1332 664 1405 locos
685 1335 826 1428 patitur,
857 1332 1000 1403 candida
1025 1331 1182 1429 lanugine
1212 1335 1387 1421 obductis,

297 1464 313 1517 3
332 1444 502 1539 magisque
520 1464 624 1536 quum
646 1442 777 1511 crescit.
800 1440 1061 1510 Cucurbitarum
1080 1446 1295 1513 numerosior
1312 1467 1386 1513 usus

330 1554 376 1621 Et
394 1551 521 1644 primus
531 1546 556 1571 ¹⁰
567 1544 670 1617 caulis
687 1547 720 1615 in
734 1546 820 1617 cibo.
838 1548 949 1641 Atque
966 1571 1008 1615 ex
1023 1544 1095 1615 eo¹¹
1113 1548 1272 1618 intutum
1283 1562 1387 1619 natum

331 1656 471 1725 diversa.
486 1654 605 1749 Nuper
619 1654 652 1723 in
663 1652 871 1722 balinearum
884 1677 982 1723 usum
989 1676 1111 1721 venere
1121 1677 1303 1725 urceorum
1316 1656 1387 1739 viee,

325 1761 526 1857 jampridem
538 1784 619 1829 vero
632 1760 732 1829 etium
746 1758 907 1829 cadorum
923 1758 967 1827 ad
979 1760 1057 1828 vina
1073 1760 1265 1831 condenda.
1279 1764 1386 1832 Cotta

329 1868 426 1938 viridi
451 1880 569 1935 tener:
590 1864 762 1935 deraditur
780 1864 995 1935 nihilominus
1013 1865 1047 1933 in
1067 1866 1162 1935 cibis.
1183 1868 1290 1937 Cibos
1309 1866 1384 1937 stlu·

221 2014 223 2021 ·
329 1976 404 2045 bres
418 1971 441 1999 ¹²
456 1996 495 2041 ac
513 1969 603 2043 lenes
615 1970 764 2066 pluribus
779 1970 887 2041 modis
902 1971 1110 2059 existimant,
1123 1974 1181 2067 qui
1200 1973 1317 2069 perfici
1330 1974 1384 2042 bu·

329 2104 428 2151 muno
450 2093 567 2148 ventre
595 2102 664 2147 non
685 2092 824 2171 queant,
848 2077 908 2148 sed
925 2102 995 2147 non
1010 2080 1251 2150 intumescant.
1270 2082 1385 2153 Semim

327 2212 401 2283 quae
409 2171 432 2211 ¹³
458 2186 611 2281 proximu
633 2182 720 2255 collo
741 2184 881 2272 fuerint,
897 2206 1053 2279 proceras
1069 2187 1209 2278 pariunt
1227 2214 1236 2256 ι
1254 2189 1330 2258 item
1348 2186 1383 2255 ub

368 2427 395 2478 6.
407 2422 580 2477 camum.
587 2418 668 2486 Quod
679 2419 708 2473 iu
715 2438 841 2487 umerus,
883 2420 1049 2475 delicutiorec
1063 2428 1260 2493 tuntipcorurn
1269 2423 1382 2485 mulin,

327 2502 542 2563 testitudinesm
557 2512 585 2553 ct
596 2500 719 2571 pergulas
729 2498 841 2553 cccndit.
883 2501 1081 2571 tenerioresque
1095 2502 1243 2570 cauliculi,
1256 2516 1286 2559 ut
1294 2503 1383 2558 dicatu

326 2584 462 2655 Pergulae,
475 2581 517 2633 des
531 2578 618 2633 milles
633 2591 659 2632 et
673 2578 715 2633 da
735 2579 840 2633 cuum
882 2598 941 2651 cup.
957 2586 1002 2644 ⁴¹·
1015 2580 1097 2633 Forte
1109 2581 1183 2636 lund
1200 2602 1338 2656 perpetuu
1349 2583 1381 2636 lc·

327 2663 459 2735 dejurdi'u.
478 2660 569 2713 lituu.
882 2678 941 2731 gns,
956 2685 969 2707 ι
978 2672 1006 2713 ct
1018 2658 1136 2731 primus,
1150 2663 1237 2717 caulis
1252 2665 1281 2717 in
1294 2664 1378 2717 cibo.-

368 2762 397 2813 7.
410 2742 442 2795 Iu
449 2743 540 2812 priore.
553 2740 586 2793 Iu
598 2738 746 2793 cummrio
758 2758 839 2810 geue·
881 2739 990 2792 Primus
998 2758 1063 2793 usus
1074 2740 1185 2795 scilicet.
1199 2740 1292 2795 Huc.

326 2822 469 2891 miltun.
925 2818 1379 2891 rumpamusicttstm:

367 2902 532 2972 anginis..
542 2896 839 2959 vulterannensis..
881 2916 953 2963 nou,
962 2898 1099 2969 ntvulsscti
1107 2900 1188 2966 libri,
1203 2926 1218 2951 ι
1228 2912 1379 2955 excomm

319 2982 447 3053 sutilibus.
461 2980 529 3033 Num
547 2978 633 3031 formu
641 2977 718 3031 fictili
737 2975 840 3032 includi
881 2974 987 3031 divers·
1000 2992 1096 3033 uutnuu
1109 2998 1117 3031 τ
1128 3005 1140 3029 ι
1156 2999 1218 3052 qun
1229 2979 1379 3051 neOEdip·

326 3078 480 3117 cucumeres
502 3054 635 3111 Pulludiuu
651 3056 839 3128 jubet,puulu
881 3056 992 3129 quidem
1005 3058 1163 3128 exptunnic
1179 3060 1378 3115 Familiuiislrct

325 3155 387 3197 unte
403 3138 527 3195 laudutus
540 3154 555 3189 t
569 3136 662 3201 nobis,
678 3148 840 3191 utcrcsotut
880 3137 969 3191 Plinio
983 3136 1112 3209 loquendi
1128 3138 1246 3194 tomuli
1264 3145 1290 3193 ic
1308 3152 1378 3193 tot·-

325 3240 379 3295 qua
391 3230 523 3289 coguntur
537 3217 712 3269 formum
726 3228 839 3271 testaceo
880 3213 975 3269 lirun.

325 3313 418 3355 auctor
431 3298 518 3368 Geop.
532 3296 580 3349 lib.
594 3296 665 3360 XII,
676 3313 736 3367 cap.
751 3296 838 3365 19.ll.
925 3312 970 3349 ia.
993 3295 1067 3349 citos
1081 3298 1200 3357 uuum.
1221 3296 1291 3353 Vide
1306 3296 1375 3351 llucl·

367 3400 395 3450 9.
413 3377 588 3431 particulatim.
609 3374 669 3428 Non
691 3386 746 3428 totu
759 3374 840 3429 simul
880 3374 967 3440 lium,
982 3376 1031 3429 lib.
1049 3376 1078 3429 11
1084 3414 1093 3439 ,
1106 3396 1136 3449 p.
1150 3380 1220 3449 378.
1235 3380 1322 3433 nun

325 3462 414 3530 pltntu
425 3457 503 3512 llorcs
514 3452 677 3519 emittit,scd
687 3467 775 3524 partes
781 3454 839 3508 cliui
925 3456 971 3508 13.
984 3454 1082 3509 Sata·
1094 3476 1158 3528 quae.
1174 3456 1272 3512 Pallad.
1285 3457 1329 3511 lib.
1343 3454 1377 3507 ll

325 3540 451 3611 deinceps
466 3555 498 3590 ex
516 3534 574 3589 aliis
590 3531 656 3587 llore
676 3532 838 3589 induuntur.
880 3534 910 3587 iu
925 3534 1042 3600 Mustio,
1057 3536 1099 3589 tit.
1112 3556 1149 3606 9,
1161 3557 1191 3609 p.
1203 3556 1237 3607 91
1249 3557 1257 3589 ε
1270 3563 1283 3585 ι
1292 3534 1377 3589 flotin

325 3618 420 3673 litun.
881 3613 1029 3667 cucurbitis
1038 3614 1144 3685 insigne
1157 3629 1215 3683 cst,
1224 3616 1377 3688 quodtuup

369 3717 411 3753 ιο.
421 3698 562 3768 Etprr'mus.
572 3694 607 3747 Et
617 3692 721 3763 primus
729 3692 838 3763 quidem
883 3693 980 3747 lscicnt
992 3693 1220 3749 eteuilemminu
1240 3694 1376 3768 quciueu·

325 3778 407 3831 oculis
419 3778 448 3831 in
461 3776 535 3831 cibos
547 3772 706 3828 admittitur.
715 3774 752 3826 At
761 3792 794 3826 cx
806 3792 839 3826 eo
882 3790 943 3825 turn
951 3774 1319 3847 certicenucuutur:quciu
1328 3790 1377 3825 m·

327 3870 463 3929 tempore,
484 3880 495 3903 ι
514 3867 654 3927 postquam
677 3852 792 3907 moreris
812 3864 840 3905 ct
883 3852 1040 3907 uetuerunt
1053 3851 1374 3911 uetanteucnrbtum·

326 3936 466 4003 induruit,
477 3960 489 3982 ·
510 3934 622 3988 omnino
635 3930 748 3987 diversa
760 3945 838 3985 nutu·
883 3931 984 3986 tiorest
998 3950 1057 4004 qun
1073 3933 1102 3986 iu
1115 3934 1216 4002 fundo,
1229 3936 1298 3998 latu,
1310 3932 1331 3985 si
1341 3932 1373 3983 iu·

251 4067 255 4075 ,
326 4036 362 4070 rc
375 4016 483 4079 illeest,
501 4032 572 4069 «nec
585 4013 613 4066 iu
630 4013 698 4066 cibis
717 4012 839 4067 ultrure-
882 4011 964 4065 versic
971 4011 1373 4075 municissimum-Qu

325 4100 431 4173 cipitur.
441 4120 452 4143 ιι
463 4094 538 4147 Utin
549 4091 670 4155 brusuicit
681 4110 766 4165 cyma
772 4131 781 4159 ,
791 4091 838 4165 qui
882 4090 987 4147 ratione
1000 4110 1033 4147 ex
1043 4090 1140 4147 codem
1155 4095 1264 4155 ceminio
1276 4093 1327 4147 luce
1336 4108 1372 4143 tc·
