2925 5009
425 457 579 536 LIBER
608 456 760 524 xvtll.
1057 461 1127 546 343

91 585 249 656 vombiurr.
269 589 445 658 Ducentur
467 587 588 658 deinde
612 587 684 660 alin
704 587 780 658 duae
804 587 898 660 lineae
921 593 956 660 in
973 591 1129 664 decusses

90 690 227 786 oblique,
245 695 290 764 ita
308 708 347 766 ut
360 717 380 763 a
394 696 639 790 septemtrionis
657 695 773 764 dextra
790 694 938 792 laevaque
954 697 998 766 ad
1014 702 1127 772 Austri

89 794 212 868 dextram
227 797 408 896 levamque
420 800 632 872 descendent
653 803 780 872 Omnes
800 826 863 898 per
880 802 1035 875 eumdem
1053 831 1128 876 cur·
1147 843 1161 878 ι

88 917 147 972 rant
159 905 365 994 umbilicum,
388 931 505 980 omnes
523 909 610 978 inter
629 933 664 978 se
682 931 780 1006 pares
797 910 882 996 rint,
904 911 1053 980 omnium
1076 915 1126 982 in·

88 1009 200 1080 tnralla
216 1013 318 1106 paria.
341 1015 427 1102 Qun
452 1015 538 1084 ratio
556 1013 658 1084 semel
676 1016 711 1084 in
729 1039 863 1112 quoque
878 1039 962 1110 agro
982 1017 1128 1089 ineunda

86 1116 150 1200 en't,
175 1116 225 1188 rel
242 1120 270 1188 si
289 1122 408 1215 saepius
429 1117 531 1190 libeat
551 1122 622 1207 uti,
644 1145 664 1192 e
690 1118 782 1214 ligno
805 1121 976 1208 facienda,
1005 1124 1127 1219 regulis

85 1221 239 1312 pantasia
252 1213 469 1322 tympanum⁴
487 1225 661 1323 exiguum,
679 1227 738 1300 sod
752 1229 971 1315 circinatum,
991 1229 1126 1302 adactis

85 1325 202 1400 huone
215 1355 279 1426 qua
297 1331 423 1419 doceo,
440 1333 683 1404 occurrendum
704 1335 844 1428 ingeniis
861 1359 996 1432 quoque
1018 1337 1126 1432 impe-

83 1431 198 1506 r'turum
211 1453 270 1508 est
288 1439 465 1510 Meridiem
480 1442 591 1512 excuti
610 1438 739 1535 placat,
754 1440 915 1534 quoniam
929 1465 1061 1537 semper
1076 1459 1127 1514 est

84 1535 175 1610 ilem:
200 1541 247 1614 sol
267 1559 380 1616 autem
403 1545 552 1641 quotidie
572 1569 614 1616 ex
639 1545 704 1620 elio
723 1544 796 1619 celi
815 1561 1005 1635 momento,
1025 1573 1126 1643 quam

82 1644 181 1737 pridie,
192 1651 298 1720 oritur
312 1678 321 1722 ε
342 1677 385 1722 ne
399 1654 475 1748 quis
492 1651 578 1722 forte
592 1651 634 1722 ad
648 1666 801 1725 exortum
815 1653 1012 1748 capiendam
1030 1671 1126 1750 putet

83 1745 189 1822 lineum
215 1759 264 1828 lta
294 1757 367 1828 caeli
393 1771 510 1830 exacta
528 1771 645 1854 parte,
672 1758 765 1854 quod
782 1757 885 1828 fuerit
906 1757 1000 1831 lincea
1023 1773 1161 1854 caput³

82 1863 281 1951 repromittunt
300 1866 489 1960 proximum
508 1889 527 1934 a
545 1879 640 1959 parte
654 1866 819 1951 exortiva,
836 1863 1041 1936 solstitialem
1063 1867 1125 1936 ha·

82 1959 155 2034 teuit
168 1983 334 2060 exortum,
353 1971 419 2042 lroc
436 1985 487 2042 est
507 1969 689 2066 longissimi
706 1971 789 2058 diri,
806 1973 1125 2067 ventumquerlqui·

82 2058 196 2162 luuem⁵,
214 2079 355 2148 Boream
377 2079 504 2150 Grtecis
520 2077 658 2148 dictum.
687 2077 728 2146 In
746 2076 838 2146 hunc
856 2079 973 2171 ponito
988 2079 1125 2148 arbores

82 2175 214 2272 vitesque.
234 2183 300 2252 Sed
323 2183 389 2254 hoc
410 2184 511 2254 flante
528 2207 569 2251 ne
586 2196 703 2252 arato:
728 2181 857 2278 frugem
873 2186 1054 2262 neserito:
1073 2209 1125 2292 se:

81 2303 141 2352 uren
151 2309 188 2354 ue
201 2287 311 2381 jacito.
332 2291 536 2384 Prnstringit
553 2289 642 2360 euim
655 2303 754 2384 atque
765 2286 915 2384 percellit
927 2289 982 2360 hic
996 2290 1125 2361 radices

81 2387 210 2460 tiliorum
220 2447 230 2480 ,
242 2419 326 2490 quas
339 2397 509 2490 positurus
523 2393 652 2466 afferes
670 2393 862 2466 Praedoctus
877 2409 970 2466 esto:
986 2394 1051 2466 alia
1069 2423 1122 2468 ro·

81 2489 163 2567 botis
177 2515 331 2593 prosunt,
354 2500 419 2572 alia
437 2499 629 2572 infantibus.
651 2503 723 2572 Nec
745 2525 819 2571 sum
837 2500 981 2588 oblitus,
1000 2503 1036 2570 in
1056 2503 1156 2582 hace

81 2615 297 2692 praeventum
309 2611 439 2680 Graecis
451 2609 543 2703 poni,
554 2631 654 2702 quern
662 2609 806 2678 Cnciam
820 2607 1120 2680 vocantSedidem

82 2707 262 2799 Aristoteles,
282 2715 335 2784 vir
358 2716 527 2784 inruensae
544 2709 749 2802 subtilitatis,
762 2716 821 2809 qui
840 2713 874 2782 id
894 2715 1005 2808 ipsum
1023 2712 1120 2798 lecit,

80 2815 213 2888 ratonem
224 2821 440 2890 convexitatis
455 2819 569 2890 mundi
584 2819 710 2908 reddit,
723 2841 791 2914 qua
803 2820 990 2890 contrarius
1001 2820 1121 2914 Aquilo

80 2917 170 2991 lirino
185 2923 248 2994 flat.
267 2928 342 2998 Nec
360 2917 566 2998 tamencum
584 2939 656 2996 toto
674 2949 764 2996 anno
787 2927 823 2995 in
842 2925 1007 3022 predictis
1027 2927 1122 2996 timet

80 3027 206 3116 ³grisolo.
218 3031 370 3105 Mollitur
384 3017 507 3104 sidere⁶
520 3046 632 3104 estate
647 3031 778 3119 media,
792 3045 966 3126 mutatque
979 3056 1120 3117 nomen,

80 3133 229 3208 suedas
244 3153 396 3218 vocatar-
419 3142 512 3234 Ergo
528 3163 634 3234 quum
648 3137 805 3234 frigidum
821 3139 962 3222 senties,
984 3153 1118 3208 carno:
1148 3159 1154 3170 ·

80 3258 110 3306 tc
126 3263 322 3342 quacumque
343 3244 463 3341 Aquilo
485 3243 694 3340 predicitur,
711 3257 808 3314 tanto
828 3243 1047 3340 perniciosior
1068 3269 1121 3316 se·
1230 3289 1235 3296 ι

80 3349 209 3433 plectris
220 3367 278 3424 est.
294 3355 335 3425 ln
349 3353 440 3424 hunc
453 3350 570 3440 latet
579 3351 736 3436 Gracia,
749 3351 933 3445 Hispania,
948 3350 1122 3424 maritimae

111 3591 133 3649 l·
147 3589 170 3642 T
164 3611 297 3664 manum.
313 3595 372 3650 lloc
380 3609 434 3663 est,
443 3595 562 3651 tabulam
603 3595 658 3666 jem
666 3606 742 3648 antes
752 3588 871 3658 Plinius,
881 3592 931 3647 lib.
941 3593 986 3658 11,
995 3609 1057 3665 cap.
1068 3599 1120 3665 47:

80 3661 450 3746 &damacplanamldanm
609 3700 621 3724 ι
640 3673 805 3748 Aquilones,
824 3671 926 3744 inquit,
942 3690 1010 3746 quos
1021 3673 1123 3728 Etesiis

111 3745 132 3798 ⁵·
150 3751 302 3824 Aquam,
326 3757 439 3810 Boream
462 3755 503 3808 De
515 3773 561 3810 ua·
604 3754 748 3826 appellant.
756 3751 864 3806 Molllre
876 3749 1050 3807 concreditur
1060 3753 1123 3808 solis

80 3820 279 3900 *inpetitione
290 3849 433 3890 ventorum
447 3833 562 3889 diximus
605 3853 688 3906 vapor
699 3833 848 3904 geminatus
856 3829 952 3886 ardore
963 3829 1122 3887 uiderim-H.

80 3899 166 3962 *hullt
175 3910 220 3966 lit.
229 3915 272 3982 11,
287 3933 345 3988 cup.
366 3919 419 3982 46,
431 3927 481 3969 etc.
493 3913 527 3970 Η.
646 3931 671 3984 7.
685 3913 714 3965 ln
727 3913 789 3964 laune
800 3913 880 3966 Asin.
893 3913 925 3964 In
937 3911 1118 3982 Aquilonem,

112 3987 134 4038 ⁶·
146 3988 344 4048 ΜοΙΙὶωεὶάικ,
365 3995 468 4066 Aquilo
482 3993 563 4048 nimi·
606 4005 652 4048 aut
665 3992 801 4056 Cuiam,
825 4010 885 4046 non
901 3991 931 4046 in
951 3991 1121 4064 rcptcmtrio·

82 4071 563 4148 mlrquilltesiasappellatur2dequo
605 4091 678 4128 nem.
693 4071 786 4126 Hirro.

919 4166 990 4249 22⁴
