2925 5009
327 465 401 551 248
589 463 627 530 C.
656 462 830 532 PLINII
858 459 965 529 ΝΑΤ.
994 461 1127 530 HIST.

324 592 471 691 pabulis,
496 607 606 688 segete
635 593 733 663 viridi
759 595 906 678 desecto,
928 606 1107 687 antequam
1126 580 1288 688 gelaret⁴.
1314 593 1389 662 Sors

323 700 492 770 Mamilius
514 700 547 770 id
569 698 663 768 aliter
682 702 935 795 interpretatur,
964 713 999 768 et
1025 699 1126 768 tradit
1154 699 1245 768 fabre
1270 699 1390 768 modios

323 793 471 894 decem⁵,
484 807 575 876 viciae
586 805 685 893 duos,
697 806 904 876 tantumdem
919 803 1041 874 ervilia·
1053 807 1218 900 injugero
1237 820 1389 874 autumno

324 915 456 983 misceri
475 927 510 982 et
530 915 593 982 seri
610 911 752 981 solitum.
770 911 892 982 Melius
911 926 946 981 et
971 936 1078 981 avena
1098 897 1240 1006 graecn⁶,
1258 914 1313 981 cui
1330 935 1390 978 noo

325 1019 414 1090 cudit
435 1043 568 1106 semen,
591 1019 747 1088 admixta.
771 1023 845 1088 Hoc
863 1020 1048 1089 vocitatum
1068 1043 1229 1112 ocymum
1239 1018 1266 1102 ⁷,
1282 1017 1389 1087 bourn·

322 1151 387 1220 que
409 1149 509 1196 causa
534 1125 599 1194 seri
624 1124 769 1194 solitum.
795 1111 929 1194 Varro⁸
956 1123 1159 1219 appellatum
1182 1150 1205 1194 a
1230 1123 1389 1194 celeritate

322 1230 561 1327 proveniendi,
577 1255 595 1299 e
614 1255 722 1325 graeco
740 1231 831 1326 quod
849 1234 948 1310 ὠκέως
968 1230 1094 1300 dicunt.

288 1357 300 1392 ¹
374 1341 500 1408 XLIII.
515 1335 646 1406 Medica
660 1351 798 1406 externa
812 1335 928 1408 etiam¹
943 1339 1081 1407 Graeciae
1096 1350 1168 1421 est,
1189 1351 1230 1406 ut
1250 1361 1271 1406 a
1293 1335 1389 1405 Medis

320 1539 362 1592 Ex
375 1541 497 1594 Varrone
511 1538 544 1592 sd
558 1539 768 1603 verbum‚lib.1
782 1538 833 1592 Rei
877 1536 1091 1608 cis,ossterisque
1100 1535 1238 1608 ejusmodi
1248 1537 1387 1608 parebunt,

321 1619 397 1672 Rust.
422 1637 480 1689 cop.
507 1619 560 1682 31,
585 1636 711 1691 ocymum
732 1617 833 1671 Grecis
877 1635 938 1690 quse
948 1616 1058 1686 siliquas
1069 1617 1177 1669 liabent.
1187 1615 1287 1670 Hirro.

321 1695 439 1762 dictum,
453 1699 494 1751 rel
507 1695 581 1769 quod
599 1711 698 1751 crescat
712 1710 739 1751 et
758 1695 833 1751 dese·
921 1698 947 1750 5.
963 1695 1061 1748 Modtos
1081 1696 1170 1748 deam.
1193 1695 1324 1760 Modius,
1342 1693 1389 1744 sire

320 1777 540 1838 ceturoolsriter,
554 1775 782 1848 velquodalrum
796 1776 835 1828 ri·
878 1773 1018 1838 modium,
1041 1793 1072 1828 ea
1088 1794 1216 1828 mensura
1241 1789 1301 1839 est,
1317 1791 1385 1844 quun

321 1867 361 1910 tet
384 1855 540 1927 pecudibus.
564 1857 687 1921 Latinis,
711 1857 835 1927 farrago,
879 1855 1038 1909 Purisieuses
1049 1868 1158 1919 vocant,
1178 1876 1216 1908 un
1231 1857 1345 1908 boumn.
1356 1852 1386 1904 Il.

321 1937 396 2007 qussi
404 1936 521 2004 ferrugo,
537 1935 610 2006 qood
628 1937 700 1989 lerro
714 1955 835 2008 prepro-
921 1939 948 1988 6.
966 1935 1052 1987 Ama
1067 1955 1159 2004 groeea.
1183 1935 1250 1988 Non
1267 1931 1384 1994 silvestri,

322 2033 387 2086 pere
398 2013 561 2080 demetetur,
573 2016 616 2068 vel
636 2034 650 2068 ι
663 2015 749 2080 forre,
760 2014 834 2086 quod
879 2033 961 2084 quam
972 2013 1087 2066 sterilem
1099 2014 1233 2084 Virgilius
1247 2011 1384 2087 appellarit.

322 2095 401 2148 furio
414 2113 475 2148 eum
496 2113 574 2147 usum
594 2095 727 2166 principio
747 2109 834 2148 sutum
881 2096 971 2146 Arena
994 2111 1081 2164 graeuu
1104 2095 1217 2163 bromos
1232 2114 1241 2148 :
1258 2110 1336 2148 urens
1349 2087 1385 2141 oui

322 2174 364 2229 sit.
379 2173 426 2228 Est
436 2187 525 2228 sotem
542 2175 670 2244 pabulum
680 2173 835 2246 quadrupe-
879 2191 969 2226 semen
992 2171 1081 2240 cudit,
1097 2174 1216 2245 egilops.
1242 2176 1385 2227 niue.-

322 2251 404 2318 dutn,
418 2253 562 2324 prasertim
581 2271 728 2324 equorum,
747 2257 835 2307 mulo·
880 2252 967 2305 Am
988 2255 1067 2304 sativa
1092 2245 1173 2325 (gen.
1204 2246 1383 2325 171necsnd.

322 2350 400 2398 rum,
414 2333 512 2397 boum,
529 2351 590 2385 vere
603 2333 749 2386 collectum
765 2351 836 2388 ese·
889 2330 977 2386 Gran.
988 2323 1072 2399 loss.)
1083 2333 1134 2385 Eo.

323 2422 383 2485 gete
391 2411 471 2465 viridi
479 2411 585 2483 preciso
596 2430 602 2464 :
613 2413 837 2483 Monspessulnnis
922 2429 950 2482 7·
966 2411 1103 2464 Vocitutum
1113 2431 1232 2482 scyrum
1245 2409 1328 2482 Apud
1335 2407 1383 2459 No·

317 2495 427 2563 ferruge.
439 2491 532 2546 Flebat
545 2491 609 2544 olins
622 2511 637 2546 s
653 2492 733 2544 sabuli
749 2507 836 2563 segete
879 2491 956 2543 nium
966 2492 994 2543 iu
1004 2489 1114 2562 Cogere.
1124 2491 1338 2563 Vsrro,Vrrguls
1343 2486 1382 2539 Di·

323 2572 386 2626 sols.
398 2569 525 2638 Quidum,
534 2583 566 2623 ut
577 2571 703 2625 Manilius
716 2573 836 2644 scripsit,
879 2569 961 2637 riou,
981 2571 1175 2644 penosrpiuion
1196 2584 1277 2626 vocnt
1291 2590 1298 2622 :
1317 2596 1328 2616 ι
1338 2563 1382 2619 Sed

323 2649 485 2705 addiderunt
507 2651 604 2704 vicians
638 2663 665 2704 et
690 2652 836 2718 erviliam,
881 2649 1055 2721 poncurpiuio
1069 2653 1302 2722 oeymosubscto,
1315 2647 1381 2701 Libe·

324 2729 837 2802 utriusquepartemquintsmsquidsm
882 2741 970 2782 ments
990 2730 1080 2801 legens
1101 2728 1204 2784 csduca
1224 2731 1301 2784 reris.
1314 2755 1325 2775 ·
1345 2725 1381 2779 Sic

323 2827 432 2864 stenaro
443 2827 564 2880 grecum.
578 2810 665 2862 Vurro
677 2811 768 2864 miscet
774 2813 838 2864 hor·
881 2821 970 2862 autem
986 2823 1110 2863 vocatum
1124 2810 1191 2877 fuit,
1199 2809 1276 2883 quod
1287 2828 1317 2862 es
1326 2823 1383 2876 quo·

324 2887 424 2955 deum,
444 2887 541 2942 vicium
554 2927 562 2953 ,
584 2901 610 2942 et
629 2889 680 2942 slis
693 2890 836 2961 legumina.
881 2889 922 2943 vis
933 2889 1029 2960 frugis,
1050 2908 1081 2942 sc
1091 2891 1237 2961 leguminis
1248 2901 1381 2962 generest·

324 2967 501 3040 Honspessuli
511 2967 604 3030 tritici,
614 2987 717 3032 sveno,
727 2969 836 3037 hordei,
881 2981 966 3021 ratur.
982 2969 1084 3022 Dsusc,
1117 2965 1129 2975 ‘

324 3062 352 3103 et
362 3047 487 3120 siliginis,
506 3067 586 3120 quum
597 3049 715 3102 Puumole
726 3064 837 3116 vocant,
924 3052 951 3102 8.
963 3048 1053 3101 Varro.
1064 3049 1139 3102 Loco
1148 3050 1274 3121 proxime
1287 3047 1365 3102 tituto.

323 3139 495 3200 purgsmeuts
510 3128 591 3180 mixta
600 3141 741 3185 seruntur:
752 3148 838 3200 quoru
922 3127 1023 3180 XLIII.
1040 3146 1064 3181 ι.
1080 3129 1177 3186 Medios
1190 3141 1292 3182 erlem
1303 3128 1365 3177 uun
1372 3160 1380 3184 ‚

324 3227 398 3280 seges
412 3209 441 3260 io
457 3218 560 3260 tuntum
575 3205 708 3273 sdolevit,
721 3222 753 3261 ut
769 3227 836 3280 pro·
881 3219 932 3260 etc.
947 3207 1162 3274 Theophrastus,
1173 3208 1244 3263 Hist.
1255 3209 1300 3261 lit.
1310 3201 1380 3263 Vffln

324 3286 469 3361 pemodurn
483 3286 566 3341 caulis
584 3289 699 3341 tenellus
719 3287 838 3342 ossiculis
882 3305 939 3358 cap.
956 3289 981 3341 8.
996 3286 1379 3356 Columells,lib.11,esp.1²-

323 3367 431 3439 incipiat
441 3365 579 3438 distingui,
593 3385 673 3436 pecus
685 3367 838 3438 alligatufu-
883 3366 984 3420 Druso.
995 3397 1035 3408 --
1052 3367 1160 3422 Medica.
1174 3369 1255 3422 Nunc
1267 3363 1380 3420 trifolium

324 3467 375 3513 ne,
385 3460 411 3502 et
422 3444 456 3501 ud
463 3459 590 3500 statutum
603 3445 695 3517 pslom
709 3447 750 3500 rel
760 3447 838 3500 arbo·
883 3463 1008 3516 magnum
1033 3459 1144 3513 vocsut,
1165 3446 1311 3519 lenonique
1324 3443 1380 3494 Bor·

325 3547 382 3582 rem
394 3527 526 3591 revincta,
539 3524 694 3580 immittitur
709 3524 782 3597 quod
793 3525 838 3579 de·
882 3524 1044 3596 gundicom,
1054 3526 1138 3597 giutid
1149 3529 1233 3599 ussto,
1244 3517 1380 3592 vulsos-dt

324 3619 433 3680 puscet,
449 3624 478 3659 es
493 3604 626 3659 medicina
640 3617 697 3660 tolo
711 3625 795 3672 suno,
807 3619 837 3660 ut
883 3605 1046 3676 Bourgogue,
1057 3607 1101 3658 vel
1121 3607 1234 3660 luterus:
1250 3601 1380 3675 vulgatius

325 3683 838 3750 credont,vslitura,etsmurbistuts
881 3702 946 3737 vero
967 3686 1192 3745 nomenclatura,
1225 3684 1334 3746 solodori.
1360 3677 1379 3729 Α

325 3765 506 3835 immunisque
519 3766 617 3819 lutura.
634 3765 736 3818 Druso.
882 3763 974 3818 Clusio
987 3765 1108 3836 pingitur
1126 3767 1222 3819 rsrior.
1238 3757 1378 3820 1²1„ch

367 3843 394 3902 l.
407 3847 543 3917 Antequam
556 3845 657 3914 gehret.
671 3846 711 3898 Itu
721 3843 799 3898 MSS.
810 3857 838 3899 st
880 3862 909 3915 p·
925 3851 998 3910 242,
1013 3857 1176 3917 voceturque
1191 3844 1296 3898 Medios
1313 3834 1378 3908 laegi·

327 3943 358 3979 ιιι
372 3923 492 3977 Varrone
501 3923 641 3990 sincerius,
651 3935 778 3996 antequam
787 3925 839 3977 sttt·
882 3924 956 3977 tima.
970 3924 1006 3978 Η.
1019 3953 1058 3967 -·
1072 3925 1204 3995 Medicago
1220 3928 1297 3978 scrin
1313 3913 1377 3988 (Diffi

326 4015 425 4076 quunst,
440 4003 480 4055 vel
489 4015 616 4073 generaret
626 4005 732 4078 siliquas.
745 4005 839 4076 Itaque
881 4003 962 4074 deust.
987 4003 1088 4056 deusd.
1148 4023 1177 4058 u.
1203 4007 1278 4076 1387
1293 3991 1378 4057 Wlffl-

326 4101 452 4153 ocymum
469 4101 501 4135 ex
515 4083 594 4136 isbali
609 4085 838 4152 caule,ervo,ri·
882 4084 1035 4155 Legumlsos.
1046 4023 1195 4155 JussI‘Eo.
