2925 5009
425 467 574 536 LIBER
613 471 765 540 XVllI.
1059 468 1125 538 32⁶

1110 526 1121 564 Ι

73 597 212 689 mergites
238 599 330 692 spica
347 598 562 694 distringitur.
585 600 670 674 Alibi
685 603 728 672 ab
746 601 857 672 radice
878 600 1030 670 vellunt:
1055 607 1126 696 qui-

72 724 127 791 que
145 702 176 770 id
196 704 341 792 faciunt,
361 707 529 800 proscindi
560 708 603 777 ab
635 734 670 780 se
692 709 801 779 obiter
826 731 943 802 agrurn
964 710 1125 802 interpre-

72 819 186 896 untur,
206 835 312 904 quum
339 811 516 883 extrabant
539 839 688 886 succum·
717 813 916 884 Differentiae
933 813 1004 884 bisc
1026 839 1035 882 τ
1057 814 1125 884 Ubi

69 912 175 1004 stipula
188 915 311 986 domos
325 932 526 1013 contegunt,-
545 945 646 1015 quam
660 919 884 1016 longissimam
900 933 1043 990 servant.
1057 921 1125 990 Ubi

70 1015 127 1086 leni
138 1020 247 1116 iuopia
266 1037 337 1110 est,
357 1037 539 1096 stramento
559 1026 687 1122 paleam
703 1041 866 1122 quaerunt.
885 1027 997 1094 Punici
1009 1025 1126 1096 culmo

70 1146 128 1190 uon
149 1139 276 1221 tegunt.
296 1127 382 1199 Milii
402 1129 550 1202 culmum
570 1133 640 1204 fere
659 1136 805 1202 inurunt.
825 1130 951 1202 Hordei
970 1131 1126 1226 stipulam

71 1226 165 1300 bobus
180 1237 403 1328 gratissimam
417 1252 561 1310 serrant,
578 1240 736 1310 Panicum
750 1237 920 1308 etmilium
935 1237 1123 1332 singulatim

70 1337 184 1426 mlius
195 1340 344 1410 manuali
361 1341 476 1436 legunt
493 1331 780 1420 Galliae⁵.,Messis
797 1329 886 1438 ipsa⁶
901 1342 981 1412 alibi
995 1344 1127 1414 tribulis
1146 1367 1160 1398 ²

71 1441 204 1532 inarea⁷,
218 1444 300 1516 alibi
313 1436 492 1543 equarum⁸
506 1450 673 1547 gressibus
687 1452 866 1533 exteritur,
883 1447 979 1518 alibi⁹
994 1451 1127 1543 perticis

71 1543 249 1640 flagellatur.
268 1555 449 1640 Triticum,
472 1581 539 1650 quo
560 1557 663 1628 serius
684 1559 834 1642 metitur,
852 1556 1018 1649 copiosius
1036 1556 1127 1624 inve·

71 1653 175 1724 nitur:
203 1683 274 1753 quo
304 1658 443 1731 celerius
474 1685 577 1750 vcro,
609 1662 674 1732 hoc
706 1663 887 1764 speciosius
899 1659 923 1684 '⁰
956 1683 996 1730 ac
1025 1661 1127 1730 robu-

71 1871 174 1914 uentum
183 1877 274 1918 metat.
284 1893 296 1914 ·
311 1865 407 1920 Julian.
419 1867 453 1920 de
464 1868 567 1920 lanua:
612 1879 735 1922 teruntur
748 1867 896 1932 immensa,
906 1885 962 1940 quo
972 1867 1087 1921 maxime
1098 1867 1125 1920 iu

73 1935 166 2011 ὅπῃ
180 1961 196 1996 a
209 1961 317 2018 merges
337 1943 453 2011 dicitur,
470 1944 498 2000 id
514 1962 565 2009 est,
613 1947 702 2002 Africa
722 1947 844 2000 utuntur.
862 1972 873 1994 ι
899 1945 986 2000 Varro
1006 1946 1127 1999 neutrius

71 2014 146 2085 luem,
157 2037 217 2074 cnm
228 2041 284 2095 qua
293 2041 361 2078 cona
375 2026 569 2098 segetisporta·
611 2027 785 2098 geuerisfacit
794 2023 829 2079 de
840 2025 960 2079 Rellust.
968 2026 1017 2080 lib.
1028 2026 1056 2090 1,
1064 2044 1123 2096 cap.

70 2103 136 2148 lm·
153 2101 244 2156 Haeo.
615 2109 667 2162 52:
689 2105 843 2178 nEepicie,
862 2104 968 2177 iuqtait,
988 2104 1017 2158 iu
1037 2123 1124 2157 meam

106 2177 129 2232 t.
142 2179 239 2234 Pectine
264 2185 373 2237 marli
390 2184 516 2254 n'giilueim
537 2186 571 2238 le·
612 2188 699 2240 excuti
718 2183 904 2256 graua:qnod
924 2182 1040 2256 litapud
1060 2184 1126 2236 alios

71 2267 122 2320 Μ
143 2257 241 2314 Gallia.
273 2261 375 2333 Mergis
407 2275 435 2316 et
464 2265 569 2335 pectine
611 2267 737 2336 jumentis
747 2264 862 2336 junctis,
876 2282 906 2316 ac
917 2262 1018 2316 tribulo
1032 2282 1040 2316 ε
1053 2262 1081 2316 id
1094 2264 1124 2315 tu

73 2333 282 2412 eulampius
295 2340 570 2414 legere,idquefacil·
613 2345 737 2399 cubula
756 2342 892 2415 lapidibus
918 2354 964 2396 aut
985 2343 1058 2396 ferro
1079 2361 1124 2396 ex·

73 2409 151 2468 liuum
165 2436 219 2474 esse
232 2421 261 2474 in
270 2439 332 2474 rara
343 2436 447 2494 segete,
462 2418 569 2477 difficil-
612 2437 745 2496 asperata,
757 2441 817 2494 quas
826 2422 953 2494 imposito
962 2421 1067 2492 auriga,
1077 2435 1124 2475 aut

72 2487 151 2548 buum
164 2496 457 2566 iudensa,Golumella
467 2504 567 2558 scribit.
613 2501 732 2574 pondere
752 2499 848 2574 grandi
872 2501 985 2556 trahitur
998 2501 1125 2570 jumentis

75 2568 176 2628 Parim
184 2580 505 2638 nuauulemauctorrocat
515 2601 569 2638 ma·
609 2584 721 2654 junctis,
736 2582 764 2634 ui
776 2579 901 2634 dicentia
912 2597 928 2633 e
941 2579 1012 2650 spice
1023 2598 1122 2650 grana:

74 2651 455 2714 rossemannum...
470 2663 569 2715 Pectine
612 2661 742 2715 uutlltex
762 2661 862 2713 assibus
873 2656 988 2713 dentatis
999 2676 1060 2711 cum
1078 2679 1124 2710 or·

76 2735 172 2786 werli-
190 2739 260 2792 Cum
284 2739 390 2810 pemiue
403 2740 524 2807 subdito,
540 2754 569 2795 ut
612 2741 706 2796 biculis
717 2757 724 2792 ε
736 2737 811 2811 quod
824 2737 961 2810 appellant
973 2736 1123 2809 plaustrum

76 2806 100 2860 u
110 2809 133 2864 in
144 2816 286 2872 medendis
298 2818 438 2872 bominum
449 2820 567 2892 capillis,
611 2819 782 2874 Persicum·
807 2817 914 2872 Nouius
929 2815 1051 2870 feminini
1063 2833 1122 2886 cap.

74 2901 186 2949 efflantes
199 2897 282 2969 spicas
301 2896 528 2969 proscinduntur,
541 2914 568 2954 et
613 2898 646 2951 3:
661 2925 673 2947 ι
682 2897 818 2964 Tribulis,
831 2895 936 2968 iuquit,
946 2894 1123 2949 femininum:

76 2965 167 3037 insul·
177 2975 302 3046 quidem,
315 2995 382 3042 uec,
394 2989 424 3030 ut
435 2977 465 3030 tir
476 2978 504 3030 iu
515 2979 569 3031 lrn·
612 2977 709 3050 Virgil.
724 2975 824 3047 Georg.
838 2973 1056 3046 lzTribulaque,
1072 2986 1125 3028 tra·

77 3050 169 3118 ueutb,
179 3055 270 3125 plures
280 3074 377 3121 cume,
388 3057 430 3108 rel
445 3057 519 3127 jubas
532 3058 568 3110 ei·
611 3057 739 3130 betaque,
751 3068 803 3116 etc.
817 3080 829 3101 ι
852 3054 945 3107 Hauu.

79 3126 129 3180 mol.
142 3129 173 3184 ll.
192 3165 229 3178 -
248 3135 295 3190 Sic
316 3153 349 3188 ex
370 3135 447 3190 MSS.
462 3133 567 3190 emeud.
653 3137 680 3192 8.
691 3135 892 3207 Antiquarum.
902 3130 1066 3196 Vas-rodon
1076 3131 1124 3185 cit.

78 3201 145 3262 limi
156 3214 279 3282 n'gilletsia
296 3213 380 3268 Grau.
396 3226 421 3268 et
433 3215 466 3268 al.
481 3217 534 3269 Eu.
614 3213 788 3288 uApudalioe
794 3213 1010 3283 exteriturgrege
1018 3211 1128 3283 junen-

109 3289 133 3337 6-
144 3289 223 3345 diercis
234 3298 298 3366 ipse.
307 3293 398 3364 Seges,
417 3313 464 3348 aen
481 3295 570 3366 fruges
611 3305 701 3349 torum
709 3295 813 3358 inacte,
821 3293 893 3346 etibi
903 3290 1001 3363 agitato
1009 3290 1126 3363 perticis,

79 3357 292 3426 demultus.
613 3373 687 3445 quod
706 3372 813 3444 ungulis
833 3390 850 3424 e
871 3371 943 3442 spica
967 3381 1126 3424 exterruntur

111 3462 134 3512 7.
148 3449 250 3506 Tribulis
266 3455 292 3508 iu
306 3471 372 3504 areu.
379 3451 504 3518 Tribola,
513 3452 569 3506 sire
612 3471 701 3525 grana.
713 3478 724 3501 ι
741 3451 787 3504 Sic
799 3451 898 3523 pariter
908 3449 1014 3504 Colum.
1025 3449 1073 3502 lib.
1083 3449 1127 3515 ll,

81 3520 204 3596 tribulum,
219 3531 375 3584 vehiculum
396 3543 435 3586 est
453 3530 570 3585 terendis
612 3551 671 3606 cap.
691 3550 738 3586 ar.
753 3528 847 3582 Reno.

80 3597 198 3662 frumentis
207 3608 568 3666 destinatumraudenomen
653 3607 1127 3681 9.Alibipertieis.Utiuuucmarima

75 3693 250 3754 -qttoquesuum
262 3690 356 3756 babet,
366 3690 439 3744 velut
448 3689 570 3756 teribula,
612 3685 1126 3762 parthalliaruru.Hasperticssetiam·

82 3763 186 3826 iflwllm
203 3780 270 3824 terat
283 3780 311 3823 et
325 3769 569 3841 extundat.Virgil.
613 3790 678 3824 uum
704 3769 808 3841 flugella
827 3779 942 3830 vocam,
957 3765 1006 3842 ⁴eles
1017 3767 1123 3834 stoue,

82 3835 283 3914 Gergithum
296 3852 351 3913 164
361 3865 368 3902 s
377 3848 571 3920 «Tribulaque,
614 3850 716 3904 baculis
730 3845 858 3911 extundi,
875 3865 906 3900 ac
920 3843 1000 3899 tundi
1012 3843 1127 3898 luctibus

84 3918 573 3999 “theutueetiniqnoponderemnin
616 3928 683 3984 dixit
694 3927 859 3992 Columella,
869 3926 919 3979 lib.
933 3924 975 3987 11,
988 3941 1012 3977 c.
1029 3941 1074 3977 st.
1091 3922 1125 3976 ll:

85 3991 127 4049 Ubi
137 4001 253 4064 serviret
269 4034 280 4056 .
290 4007 401 4062 Tribola
413 4009 574 4078 genusvehi·
659 4027 703 4063 ro.
714 4009 772 4060 Hoc
786 4009 921 4079 specium
935 4005 970 4057 lu
983 4021 1044 4058 area
1055 4014 1083 4056 et
1097 4002 1126 4054 iu

86 4075 128 4128 wli
142 4084 208 4139 omui
227 4099 305 4159 parte
320 4085 475 4154 dentatum,
499 4087 571 4142 aude
614 4105 709 4144 semro
728 4087 825 4142 melius
841 4103 922 4159 quam
940 4084 970 4137 iu
984 4101 1049 4155 agro
1069 4081 1127 4136 iru-

919 4178 988 4261 αι*
