2925 5009
439 476 595 545 LIBER
622 478 722 545 XIX.
1043 473 1107 548 38·

63 618 89 673 ct
99 604 238 676 homines
252 606 475 677 vescebantur
485 605 642 694 decocto,
659 630 735 678 asso
745 660 756 694 ‚
767 605 919 700 eliaeque
931 593 978 676 ²⁴:
993 630 1112 677 eorum

62 736 174 805 quoque
192 737 335 808 corpora
354 736 401 783 ιι
422 714 537 808 primis
555 712 672 783 diebus
688 728 884 809 purgantea
900 714 989 783 vitiis
1005 716 1111 783 omni·

63 816 121 885 bus.
139 820 262 889 Saccus
281 805 444 889 duobus²⁵
462 819 570 889 modis
588 819 798 915 rapiebatur,
822 843 841 887 e
863 818 989 907 radice,
1013 834 1113 915 atque

63 921 148 992 caule.
165 927 208 994 Et
222 926 296 996 haec
313 926 382 995 duo
397 940 495 995 erant
511 927 647 995 nomina
666 952 674 994 :
694 910 857 1009 rhizias'⁶‚
872 938 972 1021 atque
989 924 1113 995 cauliaa

62 1027 141 1098 vilior
159 1029 213 1101 illn
230 1056 272 1101 ae
292 1046 496 1127 putrescens.
514 1031 630 1101 Radici
648 1046 764 1101 cortex
772 1033 869 1126 niger
876 1029 911 1099 ²⁷.
924 1031 975 1101 Ad
992 1034 1113 1103 mercia

61 1127 248 1223 adulteria¹⁸,
268 1162 407 1207 succum
437 1139 547 1232 ipsum
574 1139 609 1206 in
632 1162 709 1208 vasa
730 1137 938 1232 conjectum,
965 1136 1113 1208 admixto

61 1240 168 1311 lurfure
175 1240 210 1324 ²⁹,
231 1243 373 1312 subinde
387 1243 624 1329 concutiendo,
644 1244 686 1313 ad
710 1228 966 1313 maturitatem³⁰
986 1243 1112 1339 perdu-

60 1344 176 1431 cebant3
194 1351 229 1418 ni
248 1350 298 1419 ita
316 1350 492 1435 fecissent,
510 1364 767 1445 putrescentem.
780 1353 1024 1481 Arqumentnm
1041 1364 1112 1419 erat
1131 1361 1146 1414 5

60 1456 252 1539 maturitatis,
277 1454 383 1543 color,
398 1457 592 1550 siccitasque
606 1456 727 1526 sudore
742 1456 837 1525 linito
856 1455 877 1524 ¹.
897 1454 962 1524 lilii
977 1455 1114 1527 tradunt
1194 1466 1201 1483 '

60 1552 195 1653 laserpitii
211 1560 361 1630 radicem
386 1560 485 1631 fuisse
505 1563 666 1657 majorem
685 1561 840 1649 cubitali,
861 1546 1057 1657 tuberqne³’
1077 1563 1112 1631 in

60 1685 89 1730 aa
101 1688 190 1759 supra
207 1682 347 1737 terram.
362 1670 436 1738 Hoc
455 1654 608 1755 inciso³³‚
619 1668 787 1765 prolluere
804 1667 937 1737 solitum
957 1692 1113 1755 succum,
1138 1674 1147 1689 '

92 1878 132 1934 at.
156 1875 239 1940 Asse,
268 1876 388 1947 eliaeque.
412 1874 552 1946 Theophr.
597 1873 673 1931 dam.
692 1875 770 1947 Legit
788 1874 931 1930 Salmasius
942 1875 972 1929 in
988 1874 1072 1931 Solia.
1083 1896 1111 1949 p.

62 1950 130 2019 lello,
141 1953 223 2007 teres.
238 1954 334 2007 Haan.
602 1961 692 2019 read,
708 1982 719 2003 ι
735 1951 768 2007 ad
780 1974 883 2008 mercea
893 1954 927 2008 ad
942 1955 1039 2021 ultera,
1058 1982 1070 2004 ι
1086 1968 1113 2009 et

93 2034 131 2085 ai.
142 2031 228 2087 Sarrae
240 2034 345 2087 darem.
352 2034 491 2105 Theophr.
502 2035 520 2087 l.
528 2054 552 2089 c.
597 2034 730 2089 adultera
748 2052 804 2087 erae
821 2035 874 2095 ait,
890 2034 964 2105 qnod
976 2034 1065 2089 Greci
1078 2037 1112 2097 alc

61 2108 166 2164 ttllioen
185 2112 299 2167 totidem
321 2113 425 2177 ambit,
451 2114 553 2167 acuties
596 2112 630 2167 τὰ
643 2116 721 2187 πέραν
737 2111 837 2167 dicant.
852 2112 891 2165 At
904 2112 934 2167 id
949 2114 1010 2185 quia
1024 2133 1109 2179 nnuc,

62 2202 270 2259 vocemmeam,
282 2193 333 2264 qui
345 2210 361 2246 e
373 2194 464 2258 caule,
477 2194 552 2265 ῥιζίαν
597 2194 708 2257 amabo,
723 2190 791 2245 dixit
816 2192 929 2246 idonens
943 2194 1006 2247 aetia
1020 2193 1110 2247 latini·

62 2266 98 2335 qai
108 2286 136 2321 er
148 2269 237 2327 radice
252 2273 456 2344 exprimeretur.
472 2272 506 2325 H.
596 2274 656 2327 tan'r
669 2271 780 2325 auctori
790 2271 880 2326 Haan.

94 2348 130 2399 a&
147 2350 255 2403 marae.
280 2352 413 2407 conanae
437 2351 493 2404 laec
514 2364 555 2405 eat
639 2369 685 2420 ap.
712 2350 833 2405 Admirto
846 2352 954 2417 furfure.
970 2352 1109 2424 Theophr.

61 2429 229 2497 exemplarium
255 2431 378 2484 omnium
398 2432 553 2502 acriptura‚
595 2431 704 2485 adraim
723 2432 825 2496 ferma,
846 2432 935 2499 dtaupe
947 2430 1089 2501 pitanen.

63 2502 114 2575 ᾖς.
128 2507 199 2561 cota.
219 2510 273 2563 Th.
294 2510 413 2565 Chilllet.
428 2523 478 2563 ete.
500 2528 553 2583 qna
637 2512 682 2565 30.
703 2510 751 2563 Aa
769 2514 940 2563 metm-iratae.
957 2507 1003 2563 Ad
1020 2511 1111 2581 perle-

63 2598 152 2639 taoeam
165 2589 277 2643 caeliam
293 2590 459 2661 appellatum
476 2590 553 2643 vilio·
595 2589 711 2643 cuonem
720 2589 949 2660 integritatemque
957 2607 1111 2661 eam,qnam

62 2678 106 2714 ren
117 2682 180 2731 rare,
194 2670 406 2737 prestantiorem
426 2686 481 2723 esee
496 2668 552 2723 rhi·
595 2668 736 2722 hnminnm
746 2666 877 2721 industria
891 2685 923 2722 ac
937 2685 1019 2739 opera
1039 2669 1111 2722 ohti-

64 2740 201 2806 autaut
210 2750 327 2803 obscure
336 2746 493 2803 declaratur.
505 2750 553 2802 Fa·
595 2761 686 2811 neret,
706 2760 736 2801 ut
756 2766 773 2801 a
795 2745 939 2818 putredine
953 2745 1110 2802 detendere-

63 2822 553 2899 rathmun.tlirr.1x,2,quiea·
596 2839 649 2881 tur.
664 2828 757 2881 Haan.
1136 2863 1140 2871 ι

63 2894 110 2951 (ltu
120 2902 193 2957 babet
208 2924 216 2960 :
239 2913 351 2961 Keteios
365 2903 396 2959 di
413 2915 463 2959 τῶν
484 2909 552 2961 ὀπῶν
636 2906 684 2961 31.
697 2904 791 2959 Sudore
797 2905 880 2976 fiarr'to.
896 2904 979 2959 Omni
995 2905 1110 2959 humore

64 2980 183 3037 τώτνντὸν
194 2988 236 3055 μὲν
246 2988 363 3051 sautius,
372 2989 412 3039 rer
421 2984 451 3039 di
461 2988 553 3057 ῥιζίαν,
595 2986 667 3039 aucei
681 3000 806 3050 excocto,
819 2986 924 3038 siccato.
938 2985 1030 3039 Haan.

63 3057 95 3108 ²²¹⁸
106 3061 138 3119 lt't
151 3064 247 3127 βελτίων
263 3070 275 3119 l
292 3068 382 3137 ῥιζίας,
395 3068 497 3137 καθαρὸς
509 3069 552 3119 aei
638 3065 684 3119 32.
703 3066 828 3137 Taberque
837 3070 863 3119 in
873 3084 911 3117 ea.
925 3064 958 3116 ln
974 3082 1057 3134 eaque
1069 3083 1110 3118 ra·

64 3129 368 3217 “lucarieenliepa'rapec
379 3136 439 3199 Odi
450 3145 552 3207 santiae
597 3140 657 3197 dice
676 3146 835 3199 extuberare
854 3143 1000 3214 capitulum
1022 3143 1109 3215 quod·

64 3212 173 3289 trum,
202 3224 389 3296 Nequidquam
404 3225 552 3295 refragante
595 3221 673 3288 alam
688 3223 762 3296 qnod
768 3224 883 3277 sublime
894 3222 1110 3294 penituaexatet‚

66 3292 173 3363 Apuleio,
187 3304 233 3373 qui
246 3303 312 3358 dnm
326 3305 416 3358 lecum
428 3304 551 3358 tranacri·
594 3315 625 3355 ut
638 3302 693 3355 iere
701 3303 729 3355 in
742 3322 845 3357 summa
857 3302 953 3355 tellure
964 3319 1020 3356 esee
1029 3322 1110 3376 appa·

65 3370 123 3428 lma
134 3396 163 3432 aa
176 3382 271 3436 vitioso
285 3382 390 3447 codice,
414 3384 442 3435 in
456 3383 503 3435 lib.
517 3380 552 3436 de
594 3394 672 3436 reat:
687 3384 719 3435 Ol
743 3378 774 3436 di
794 3389 838 3435 τοῦ
861 3382 954 3452 ratpirn
973 3382 1018 3437 τὴν
1039 3385 1107 3453 ῥίζαν

65 3450 177 3511 Remediie
190 3460 333 3517 herbarum
341 3504 349 3529 ,
358 3464 434 3515 vilior
446 3462 503 3528 ille,
513 3462 552 3515 le·
595 3461 654 3532 paci
666 3464 779 3531 periatur
796 3464 922 3529 πηχυαῖαν
935 3462 951 3517 ἢ
964 3468 1042 3533 μικρῷ
1054 3465 1109 3533 pai·

66 3530 118 3597 εἰη
130 3536 195 3591 ineo
208 3541 322 3597 ridetur.
334 3545 426 3597 Haan.
594 3542 661 3601 ζονα.
677 3542 776 3597 Ταύτην
794 3536 823 3595 di
837 3542 901 3609 ἔχειν
915 3540 956 3593 lael
971 3546 1012 3593 rui
1032 3546 1109 3611 plenu

96 3630 136 3682 ²7.
146 3618 228 3673 liadiei
237 3626 405 3693 maurim,
417 3633 467 3675 etc.
481 3620 551 3675 Earn
593 3620 715 3690 rupitias·
730 3623 742 3673 i
756 3620 991 3690 eriperenpc'rardr
1006 3622 1054 3684 lea,
1065 3622 1109 3676 real

67 3684 150 3747 detrahi
158 3699 260 3753 solitum
270 3703 362 3757 scribit
373 3700 549 3772 'I'nenphraat
595 3696 683 3767 σχιδὸν
694 3700 756 3770 incip
767 3706 829 3771 γῆς,
839 3719 863 3752 κ.
874 3705 930 3751 τ.λ.
941 3698 1079 3769 Theoplrr.
1088 3700 1108 3755 l.

66 3783 205 3854 attemptet
226 3799 258 3834 eo
280 3781 371 3835 relicto
385 3799 500 3834 mercem
516 3780 550 3834 ab
594 3797 618 3833 c.
629 3778 719 3834 Haan.

68 3856 230 3918 ruminabas
261 3860 435 3915 adulteratam
466 3860 552 3913 inter·
635 3859 683 3912 33.
705 3858 760 3911 Hoc
779 3856 862 3910 inciso.
878 3856 1018 3928 Theophr.
1043 3858 1062 3913 1.
1083 3876 1108 3915 c.

68 3922 291 3994 diarriaenm.
594 3936 646 3991 Sed
664 3956 746 4011 quem
769 3954 801 3990 ex
820 3936 909 3989 Plinio
936 3936 1048 4009 aliisque
1070 3938 1109 3993 aie

98 4010 133 4061 28.
145 4016 186 4066 Ad
195 4023 276 4071 eremis
287 4019 416 4072 adulteria.
431 4018 473 4073 ad
484 4037 552 4072 mer·
593 4018 683 4088 legar:
699 4015 775 4071 Mari
795 4021 878 4069 ταῦτα
899 4011 930 4067 tt
948 4016 990 4069 τὸν
1011 4019 1108 4071 καυλόν·

70 4099 113 4139 tem
132 4110 182 4147 eam
200 4098 253 4155 aire
275 4116 380 4153 succum
401 4097 551 4154 adulteran-
595 4100 722 4152 reicietur
736 4092 767 4149 δὲ
779 4091 928 4167 μαγὺὃαριν·
941 4091 1007 4149 lardi
1020 4099 1106 4152 reiron
