2925 5009
557 415 625 481 DE
656 414 796 481 0910.
1138 408 1211 493 643

141 532 220 604 penis
235 532 418 599 erectionem,
437 533 540 587 somnis
553 552 663 587 veneres
676 574 684 599 ,
697 546 725 586 et
743 532 771 585 in
789 550 884 585 somno
897 530 1004 584 serniuis
1024 530 1192 583 emissionem
1204 569 1211 591 ,

139 620 212 673 cutis
226 620 355 673 ruborem
373 633 401 673 et
418 620 567 692 pruritum,
589 620 673 674 urin·
692 618 854 693 profluvium
866 656 874 684 ,
887 632 913 673 et
931 636 1134 689 nonnunquam
1148 635 1213 689 snp-

140 708 303 779 pressionem
316 708 437 775 induoit;
454 710 517 763 lico't
528 708 568 763 itti
581 710 694 764 effeetus
706 728 762 764 nou
776 720 926 763 oonstsutsr
937 707 1140 779 subsequuntur.

176 795 295 864 Quidam
309 816 373 852 vero
391 809 455 851 suut
475 798 521 851 atii
540 798 654 853 effeetus
669 797 761 853 suiuus
784 797 955 869 frequentes;
968 793 1092 849 videlicet
1106 794 1213 865 inquens

133 884 288 959 'prrslyseu
315 886 460 957 presertim
485 886 597 953 resices,
618 886 768 951 bslbuties,
791 884 901 939 mnxille
919 882 1052 937 inferioris
1069 882 1213 943 relaxetio.

141 969 274 1025 sudorum
286 974 454 1045 suppressio,
474 974 529 1027 alsi
549 972 664 1039 solutio,
685 991 816 1047 squsruns
830 971 1040 1046 hydropicorum
1059 970 1212 1029 ersoustio,

38 1056 43 1065 '
123 1116 126 1120 γ
141 1072 172 1111 ut
179 1042 276 1113 wiltis
287 1060 452 1125 observavit,
462 1061 579 1135 stuporis
588 1072 695 1115 urtuusn
707 1080 722 1115 s
732 1062 831 1135 frigore
843 1072 953 1116 externo
965 1058 1089 1113 oouoitsti
1100 1057 1216 1119 curatio,

138 1146 349 1215 sniioostioues,
360 1150 504 1205 anxietates
521 1151 593 1205 ciros
610 1150 778 1223 precordis,
793 1150 940 1221 singultus,
957 1146 1084 1210 sonitus,
1096 1146 1213 1219 spsssuo'·

139 1232 199 1287 diei
215 1246 320 1297 notus,
334 1255 463 1309 synoopes
480 1250 508 1293 et
518 1238 701 1313 lipotbysuin,
714 1248 740 1291 et
759 1236 924 1311 qusudoque
940 1254 1024 1299 mors,
1043 1254 1105 1307 qun
1126 1247 1215 1287 tumen

139 1321 289 1386 rsrissisne,
302 1342 352 1375 uec
363 1324 414 1377 nisi
426 1325 456 1377 iu
471 1326 632 1397 corporibus
651 1343 755 1380 suntme
770 1324 936 1397 pletboricis.
949 1336 995 1378 sut
1009 1325 1035 1375 in
1057 1323 1215 1394 corporibus

139 1427 244 1463 suussne
253 1408 412 1477 debilitstir,
426 1427 453 1469 et
463 1416 542 1487 jesus
554 1414 636 1486 longo
646 1426 767 1487 tenpore
778 1414 919 1469 uttenustis
932 1412 1027 1467 eccidit
1039 1429 1046 1465 t
1059 1408 1132 1465 unde
1145 1410 1215 1464 iliius

140 1516 208 1552 usus
219 1510 281 1571 post
301 1518 423 1556 enormes
440 1500 646 1575 hmorrbsffiss
667 1514 713 1555 snt
728 1520 913 1581 quercumque
930 1500 1096 1557 vscustiones
1118 1498 1214 1552 nimius

140 1584 300 1643 metuendus
314 1601 361 1645 est.
375 1591 398 1645 Ε
411 1602 502 1645 contre
524 1592 594 1645 nsirs
609 1591 775 1665 quandoque
794 1592 889 1645 sirium
904 1604 931 1645 et
954 1589 1014 1645 site
1035 1588 1165 1644 reorestio
1185 1587 1211 1638 iu

140 1675 303 1747 quibusdum
321 1678 518 1745 semimortuis,
532 1691 563 1735 ut
575 1680 611 1733 its
631 1680 733 1742 dicent,
747 1692 774 1733 et
786 1678 820 1733 sd
841 1691 958 1733 extreme
972 1676 1087 1731 reductis
1101 1675 1214 1746 percipi-

140 1774 193 1816 tur.
206 1763 405 1839 Nonnunquam
424 1768 507 1822 etisrn
523 1766 616 1840 opinus
637 1766 740 1822 diutius
761 1768 790 1821 in
813 1767 959 1821 ventriculo
979 1776 1098 1819 moretur
1113 1762 1215 1834 ubsque

141 1851 256 1919 effectu,
266 1852 424 1909 buusoribns
436 1874 533 1928 nempe
545 1855 637 1927 spissis
650 1866 677 1909 et
691 1854 795 1910 risoidis
808 1854 970 1909 involutum.

176 1938 304 1994 censure
315 1942 442 1997 narcotici
461 1944 630 2017 operatione,
640 1944 713 2011 bno,
726 1956 757 1997 ut
771 1944 929 2016 plurimum,
941 1943 1159 2013 subsequuntur:
1174 1958 1214 1993 re-

140 2045 248 2099 gressus
259 2028 429 2084 siieetinnuru
441 2045 467 2086 et
479 2032 603 2086 dolorum
616 2051 678 2105 qne
695 2032 844 2093 sedarent,
859 2042 885 2084 et
893 2048 963 2103 supe
971 2028 1122 2101 pretiorum
1132 2044 1213 2098 quun·

140 2126 233 2178 ”¹0⁸2
253 2115 304 2168 nisi
323 2116 457 2171 beneficio
476 2116 584 2177 sudoris
597 2131 644 2171 unt
662 2118 716 2171 ulio
731 2116 814 2173 niodo
836 2136 928 2171 eorum
943 2134 1023 2169 osuss
1039 2116 1074 2167 ub
1091 2116 1154 2185 opio
1168 2130 1215 2166 ex-

140 2204 218 2275 pube
235 2217 283 2257 sut
296 2203 386 2260 deletu
403 2206 503 2271 fuerit,
518 2206 621 2271 sudor,
638 2208 701 2261 licet
719 2226 776 2261 uon
795 2226 899 2279 semper
916 2205 1087 2279 superveniet
1097 2196 1214 2267 {mietio

141 2292 284 2365 frequens,
298 2312 491 2369 nonuunqnsns
508 2296 562 2350 slvi
585 2296 702 2359 solutio,
724 2296 846 2361 tristitie,
866 2308 893 2351 et
913 2294 1055 2367 spirituum
1076 2290 1215 2350 desertus.

140 2378 234 2453 pulsus
247 2379 392 2453 languidus
404 2402 435 2437 sc
446 2381 602 2455 depressus,
613 2384 682 2437 eutis
693 2384 821 2457 pruritus.

176 2467 293 2522 Nimiam
307 2470 364 2541 opii
376 2469 463 2525 dosisu
483 2486 633 2545 sequuntur
645 2472 701 2526 fere
719 2472 800 2526 iidern
819 2471 948 2533 affectus,
967 2471 1015 2543 qui
1028 2490 1043 2523 u
1057 2469 1113 2524 riui
1124 2467 1214 2538 ingur-

139 2556 271 2628 gitstioue
288 2557 403 2631 produci
420 2561 517 2621 soient,
540 2559 640 2613 seilicet
656 2559 740 2613 suimi
761 2560 899 2623 hiluritss,
912 2558 981 2613 risus
1001 2554 1213 2615 immoderstus,

140 2656 248 2699 sstuusu
267 2646 394 2700 relustio
414 2660 443 2702 et
464 2646 588 2701 debilites
603 2686 612 2713 ,
627 2648 726 2701 ruentis
752 2646 890 2711 elienstio,
912 2644 1047 2699 memorie
1066 2642 1212 2705 deiectus,

141 2733 306 2805 vertigines,
323 2734 466 2788 oouiorusn
481 2734 623 2807 caligines,
635 2751 740 2787 eumen
754 2734 859 2797 inritus,
879 2731 989 2804 pupillis
1005 2729 1144 2793 dilststio,
1157 2729 1213 2780 bui·

140 2820 243 2889 buties,
255 2824 450 2896 sopor,pulsus
461 2841 573 2895 mugnus
585 2834 611 2875 et
627 2821 732 2883 turdus,
748 2821 825 2875 faciei
837 2821 934 2885 rubor,
951 2820 1061 2873 susxiiin
1069 2818 1211 2880 reisxstio,

140 2909 275 2963 lubiorum
286 2909 504 2978 intumescentis,
516 2908 637 2983 spirandi
655 2908 814 2969 difficultas,
835 2910 929 2975 furor,
945 2906 1086 2961 ventriculi
1110 2905 1211 2968 ardor.

140 3009 169 3051 et
183 3016 377 3069 nonnunqum
397 2998 524 3070 pruritus,
541 3010 620 3053 ustus
639 3016 782 3063 venereus,
805 2998 977 3070 prirpissrsus‚
1004 2994 1072 3047 cutis
1092 2994 1165 3049 oslor
1182 3004 1212 3045 et

139 3085 274 3157 pruritus,
288 3104 399 3147 nenses,
411 3085 560 3158 singultus,
579 3084 717 3147 vomitus,
733 3086 826 3155 pulsus
843 3082 989 3155 inequalis,
1003 3080 1084 3135 ruodo
1102 3079 1210 3153 depres-

139 3191 203 3235 sus,
217 3171 299 3226 modo
308 3173 409 3237 elutus,
422 3172 609 3229 convulsioues
618 3212 627 3240 ,
637 3172 750 3227 sudores
763 3171 868 3245 frigidi,
878 3189 1023 3245 syncopes,
1035 3166 1210 3242 iipothymise,

141 3278 220 3314 mors.
233 3260 300 3327 Qun
321 3260 430 3333 quidem
451 3272 630 3335 symptomsts
653 3279 708 3313 non
726 3279 821 3314 omnes
838 3260 926 3313 omnis
945 3256 1147 3331 aggrediuntur,
1163 3273 1212 3308 ne·

141 3366 195 3420 que
212 3348 308 3420 nqusli
327 3348 517 3418 vehementis,
537 3346 586 3401 sed
608 3347 674 3403 slios
696 3347 747 3401 sliu
767 3348 829 3420 plus
851 3348 972 3401 minusve
991 3364 1043 3419 pro
1061 3344 1136 3399 suris
1151 3361 1210 3397 uor-

142 3434 215 3509 poris
232 3436 439 3501 constitutione,
450 3437 507 3509 opii
523 3436 582 3491 dosi
594 3435 716 3499 diversa,
729 3446 755 3489 et
768 3436 827 3489 eliis
840 3434 1055 3489 circumstentiis.

177 3524 231 3588 Qui
249 3542 304 3575 uon
318 3535 443 3594 pereunt,
458 3524 606 3578 liberentur
618 3524 805 3595 utplurimum
828 3523 964 3577 uberrimo
983 3521 1036 3575 nlri
1057 3518 1190 3592 profluvio
1202 3528 1219 3581 ,'

142 3612 183 3664 sei
197 3611 342 3665 sudoribus
363 3612 492 3685 copiosis,
505 3613 553 3685 qui
566 3612 619 3684 opii
636 3611 749 3666 odorem
768 3594 901 3673 referunt,
915 3628 1012 3683 surgun
1025 3609 1093 3662 cutis
1104 3607 1209 3679 pruritu

140 3699 253 3771 stipstis.
272 3699 405 3771 Equidem
417 3699 618 3755 observandum
630 3712 670 3753 est
683 3699 735 3754 slsi
750 3698 912 3770 profluvium
924 3697 1007 3752 tutius
1026 3696 1061 3749 sb
1074 3694 1130 3768 opii
1150 3693 1210 3747 dori

140 3788 221 3843 nimis
234 3789 346 3844 effectos
362 3790 494 3857 libereret
506 3789 684 3862 periculosius
696 3788 756 3842 illos
768 3801 908 3863 egrotare,
924 3805 1040 3862 quornm
1055 3785 1121 3839 cutis
1132 3785 1211 3838 lurio-

139 3876 178 3929 ris
190 3887 230 3929 est
248 3888 357 3931 texture
374 3890 400 3931 et
417 3877 581 3933 ventriculus
602 3876 716 3931 debilis:
731 3889 758 3931 et
771 3890 801 3929 ut
817 3878 926 3931 illorum
946 3874 992 3929 ulii
1007 3874 1103 3929 furiosi
1126 3884 1209 3937 suut,

140 3964 184 4019 slii
196 3984 260 4019 vero
279 3966 398 4037 stupidi,
412 3967 448 4021 its
460 3966 576 4022 furiosos
591 3978 704 4021 mortens
726 3966 829 4020 ssoiiius
843 3964 977 4019 declinare
993 3982 1074 4037 quum
1089 3961 1211 4035 stupidos

140 4064 167 4109 et
185 4066 342 4111 comstosos

1025 4128 1088 4211 ,ἠΰ
