2925 5009
433 434 597 503 nrnnn
622 436 725 503 xix.
1050 430 1118 527 367

84 564 268 639 sumeretur².
279 565 403 635 Vivum
422 562 455 635 id
465 578 602 648 vocant,
614 566 835 659 ardentesque
848 565 881 633 in
900 562 984 635 loeis
1001 569 1120 634 conui-

83 678 243 743 nominer
261 697 302 743 eo
326 672 467 741 vidimus
499 696 654 767 mappas,
683 670 836 741 sordibus
857 673 979 741 exustis
1008 670 1120 767 splen-

82 782 223 851 descentes
243 782 309 875 igni
328 782 450 873 magis,
474 802 572 871 quam
603 794 739 873 possent
760 779 864 873 aquis.
884 780 1014 871 Regum
1045 780 1122 847 inde

82 888 210 957 fituebres
232 888 369 965 tunicae,
394 886 544 979 corporis
572 884 716 955 favillam
745 884 788 953 ab
815 884 942 978 reliquo
967 900 1121 978 separant

81 996 177 1063 cinere.
193 995 348 1063 Nascitur
362 994 394 1063 in
410 990 547 1061 desertis
559 991 749 1085 adustisque
764 990 833 1061 sole
847 990 965 1076 Indiae,
982 992 1039 1060 ubi
1052 1018 1120 1063 non
1140 1036 1154 1067 2

81 1086 196 1169 cadunt³
209 1100 349 1185 imbres,
366 1101 451 1167 inter
462 1097 549 1167 diras
563 1113 735 1190 serpentes
747 1125 757 1182 3
771 1098 993 1191 assuescitque
1008 1100 1120 1167 vivere

79 1205 218 1292 ardendo,
229 1230 342 1275 rarum
354 1208 508 1291 inventu,
517 1203 651 1273 difficile
665 1218 755 1273 textu
764 1219 902 1299 propter
911 1204 1119 1274 brevitatem.

79 1312 166 1383 Rufus
182 1313 220 1381 de
238 1326 360 1381 caetero
379 1310 487 1396 colos,
510 1308 708 1404 splendescit
724 1312 801 1405 igni.
816 1312 930 1399 Quum
951 1314 1122 1380 inventurn

79 1434 133 1503 est,
153 1434 255 1513 aequat
283 1420 391 1513 pretia
426 1414 656 1487 excellentium
682 1417 947 1511 margaritarum.
974 1418 1124 1487 Vocatur

79 1540 167 1595 nutem
179 1550 196 1595 a
208 1527 337 1595 Graecis
353 1510 575 1593 asbestinum⁴
586 1548 627 1591 ex
639 1537 838 1617 argumento
852 1537 988 1593 naturae.
1003 1526 1123 1593 Anaxi·

78 1630 134 1701 laus
150 1647 262 1701 auctor
282 1648 351 1716 est,
373 1630 474 1699 linteo
494 1656 535 1699 eo
555 1630 795 1699 circumdatam
818 1628 990 1711 arborem,
1017 1630 1124 1699 surdis

79 1738 190 1827 tubus,
202 1752 235 1809 et
250 1740 309 1833 qui
326 1762 394 1807 non
408 1734 641 1822 exaudiantur,
657 1735 748 1807 caedi.
762 1738 854 1829 Ergo
863 1735 943 1805 huic
954 1734 1023 1805 lino
1035 1740 1125 1832 prin·

79 1845 185 1939 cipitus
199 1848 232 1915 in
250 1859 324 1915 toto
343 1843 435 1913 orbe.
451 1843 625 1912 Proximus
642 1828 816 1937 byssino⁵‚
830 1841 1006 1911 mulierum
1019 1845 1125 1913 maxi·

77 2001 321 2057 midsabductum
333 2013 471 2065 esset,etc.
482 1999 570 2054 »Vide
613 2002 655 2054 vel
669 2004 784 2054 uariante.
795 2000 838 2055 Cf.
851 2000 1002 2066 XXXVII,
1018 2000 1064 2065 54.
1073 2004 1125 2056 En.

78 2080 251 2136 ethldrovand.
262 2080 405 2135 deMeratl.
416 2081 521 2144 1V,26.
534 2080 568 2135 H.
656 2081 681 2135 5.
709 2080 823 2152 Byssrha
854 2080 951 2149 Byssns
983 2080 1072 2135 saida
1099 2095 1127 2135 et

109 2180 130 2214 s.
142 2164 211 2231 Quod
222 2162 320 2233 ignibus
333 2180 381 2212 roa
399 2160 568 2212 absumeretur.
613 2160 751 2214 Theocriti
763 2159 904 2231 interpreti
919 2161 1016 2213 coloris
1028 2180 1125 2232 genus,

78 2240 172 2311 llhurlig.
183 2243 226 2295 lib.
241 2242 358 2301 xvru,
373 2258 433 2311 cap.
452 2241 499 2301 31,
515 2256 570 2310 quo
613 2238 686 2293 unde
697 2240 803 2311 byssina
818 2239 912 2304 restis,
927 2240 1007 2310 bysso
1019 2241 1125 2295 inlecta.

77 2320 183 2374 ludorum
189 2322 257 2393 leges
267 2339 298 2373 ae
305 2338 394 2373 mores
405 2320 462 2372 fuse
471 2331 569 2382 narrat,
614 2320 710 2389 Byssus
724 2316 884 2390 quibusdam
899 2320 1083 2390 pretiosissima
1092 2322 1126 2375 la·

76 2402 151 2453 anun
157 2402 211 2454 illus
220 2402 338 2455 restibus
349 2416 380 2451 ex
390 2416 423 2451 eo
432 2400 487 2451 lino
494 2398 571 2451 tertis
613 2416 660 2463 na,
674 2398 766 2453 colore
777 2399 918 2469 nitoreque
937 2399 1005 2453 auri.
1029 2402 1126 2471 Byssus

78 2478 155 2533 iudai:
167 2480 237 2553 quod
257 2499 355 2553 parurn
372 2478 500 2531 erebihile
514 2490 570 2538 est,
614 2478 787 2541 Philostrato,
806 2478 909 2542 linum,
930 2477 1004 2549 quod
1019 2480 1079 2533 Indi
1092 2500 1126 2533 ex

77 2562 174 2629 munia
184 2574 281 2614 tantam
295 2556 488 2629 longitudinem
502 2557 570 2610 trahi
614 2558 709 2611 arbore
732 2559 839 2627 legunt,
859 2571 955 2611 uuuoo
971 2560 1078 2628 populis
1091 2562 1126 2613 si·

77 2653 181 2711 nequeat,
197 2654 225 2693 ut
236 2653 323 2695 vestes
335 2656 368 2693 ex
382 2656 415 2690 eo
425 2636 570 2691 confician·
614 2638 693 2703 mili,
715 2636 787 2689 loliis
807 2636 879 2689 salici
893 2674 901 2700 ,
916 2638 995 2690 etiam
1010 2638 1127 2691 Arriano

78 2730 119 2771 tur.
134 2722 227 2773 Darae.
614 2730 730 2781 auctore,
739 2716 1046 2787 Apollonioqueoculato
1052 2730 1125 2771 teste.

109 2800 131 2852 3.
153 2800 198 2852 Ubi
218 2820 267 2852 uon
290 2798 391 2851 cadunt.
414 2794 486 2849 Vide
510 2812 571 2867 qua
614 2794 729 2865 Rhodig.
745 2796 793 2848 lib.
808 2796 916 2862 xxm,
930 2814 988 2866 cap.
1003 2798 1127 2850 &Esset

77 2873 174 2931 elisimus
184 2880 231 2933 hh.
243 2880 345 2943 xvn,
359 2896 382 2930 c.
397 2877 442 2929 30.
464 2874 570 2929 Colum.
615 2874 738 2944 Amorgia
758 2874 807 2927 lini
820 2876 933 2946 species,
946 2874 1019 2928 ande
1030 2878 1127 2930 Amor·

77 2956 115 3009 lib.
125 2958 175 3023 l,c.
187 2962 203 3011 6
214 2979 221 3012 ι
233 2962 337 3011 afflatas
349 2957 376 3010 in
389 2954 572 3009 transmarinis
615 2954 676 3025 gina
690 2954 769 3006 restis
782 2966 927 3007 ine-orata
937 2955 1055 3007 AEschini
1066 2974 1128 3009 oon-

76 3036 208 3107 regiouibua
220 3038 315 3110 pluria
328 3048 406 3090 caret.
418 3061 429 3083 ι
446 3035 536 3087 Hsan.
616 3033 850 3095 traTimarchun,
860 3034 1030 3105 Aristophani
1038 3036 1067 3086 in
1077 3036 1128 3108 Ly·

108 3124 131 3179 4.
144 3118 305 3171 Asterium.
315 3116 381 3168 'l'ale
393 3115 442 3167 luit
452 3113 479 3167 in
493 3130 572 3165 aurea
615 3114 731 3177 sistrete,
746 3111 881 3183 Eupolidi.
895 3114 1127 3183 Dru-Byrriam.

76 3192 176 3256 lacerna,
186 3216 267 3269 quarn
277 3196 388 3249 Athenis
397 3193 574 3247 Callimachus
617 3194 715 3263 Byssus
731 3210 815 3262 genus
830 3192 883 3246 tuit
897 3193 944 3246 lini
964 3194 1129 3258 tenuissimi,

77 3272 208 3341 uetustos
226 3296 284 3331 non
303 3276 353 3327 nisi
374 3286 433 3345 post
449 3288 572 3325 exacmm
616 3291 649 3326 ex
673 3290 728 3343 qno
749 3284 828 3324 texto
852 3284 938 3323 restes
959 3290 1129 3343 purpureum

76 3368 161 3408 aunam
170 3354 313 3427 dissipato,
334 3354 396 3407 licet
414 3370 518 3423 semper
531 3370 574 3403 ar·
617 3352 735 3405 colorem
748 3369 803 3404 non
813 3370 875 3404 raro
887 3350 1049 3405 imbiberent
1060 3371 1067 3405 :
1079 3372 1130 3405 nn·

77 3428 146 3489 deret.
158 3435 300 3489 Pausaniae
316 3435 344 3487 in
358 3434 459 3487 Atticis.
473 3432 575 3483 Plutar·
618 3430 653 3485 de
668 3432 696 3484 in
714 3431 796 3484 sacris
810 3430 915 3502 paginis
926 3430 1004 3484 toties
1018 3434 1128 3502 hyssus,
1223 3428 1228 3435 ’

77 3512 144 3579 rhua,
157 3516 201 3568 lib.
223 3514 260 3569 ele
283 3510 383 3567 orac'al.
403 3512 531 3571 Delectat,
547 3510 574 3561 in
618 3510 848 3583 etpurpure,vel
866 3528 986 3581 purpura
999 3524 1027 3564 et
1038 3512 1133 3581 hyssus

78 3590 181 3665 Capeti:
190 3614 259 3668 rupe
267 3595 352 3647 linum
361 3590 389 3645 id
402 3591 474 3663 gigni
484 3586 575 3653 tradit,
619 3610 669 3661 pro
680 3608 816 3661 purpurea
831 3592 926 3661 bysso,
941 3608 991 3661 per
1001 3591 1131 3663 liguram,

78 3672 301 3747 nollietlapilleo
316 3673 381 3739 nto,
396 3688 479 3741 equo
500 3686 574 3721 meo·
620 3672 643 3723 lu
658 3664 789 3723 liuhais.
801 3666 1134 3741 Indefactum,uthyesns

78 3748 136 3815 tilia,
150 3754 212 3807 retis
224 3767 252 3807 et
265 3752 376 3806 reticula
389 3750 484 3821 capitis
498 3762 574 3819 tegu-
618 3750 651 3802 eh
665 3746 800 3820 Hesyehio
812 3761 840 3801 et
854 3746 937 3803 said·
947 3768 999 3820 pro
1012 3768 1134 3821 purpura

79 3844 153 3885 aean
163 3832 364 3886 muheerentur.
379 3828 576 3883 Dan-Am
618 3828 1070 3900 accipiatur-RectiusreroPollox‚
1083 3831 1134 3885 loc.
1219 3878 1222 3884 .

79 3914 161 3965 uhu».
173 3900 298 3977 latren,
309 3929 367 3979 quta
380 3928 431 3963 vox
446 3926 529 3980 proca
541 3911 578 3959 ia·
620 3908 665 3961 cit.
678 3910 729 3962 Kal
744 3910 792 3978 pls
809 3909 852 3963 uel
872 3908 907 3961 τὰ
924 3910 1031 3974 βύσσινα
1041 3932 1048 3944 ·
1058 3911 1102 3963 καὶ
1118 3912 1134 3967 sl

78 3994 201 4045 cathetum
212 4004 297 4046 ronst
309 3989 400 4043 Haan.
415 4018 456 4031 -
469 3988 580 4041 Vocatur
623 3988 714 4053 βύσσος
723 3987 789 4041 λίνω
798 4008 822 4042 τι
833 3982 898 4050 allae
908 3996 968 4061 rep*
977 3979 1065 4050 litote.
1076 3989 1138 4043 Phi·

81 4070 194 4125 cumea
205 4072 358 4125 abestiuurt.
372 4070 456 4123 Nubis
469 4068 578 4132 astute,
623 4068 734 4123 lostrato
754 4065 789 4121 de
810 4068 864 4122 sita
884 4068 1011 4139 Apollon.
1029 4069 1076 4123 lih.
1093 4070 1138 4133 ll,
