2925 5009
558 390 626 457 DE
651 388 788 459 01210.
1137 388 1210 489 647

134 506 284 562 eiiiandnm
305 519 334 562 et
360 504 466 561 dolores
485 505 698 571 d-uteendos,
722 508 819 561 frustra
839 506 914 561 iiiam
936 508 993 563 tim
1016 508 1160 565 anodinsm
1183 526 1213 566 et

134 596 308 651 somniferam
321 595 458 667 corrigere
470 596 513 649 rei
528 596 652 649 minnere
668 608 782 650 tentant.
796 596 958 670 sibimetipsi
974 599 1098 651 contrarii
1111 600 1212 655 somni·

136 687 225 739 ierom
238 697 383 756 expetunt,
405 684 581 739 somnifernm
601 686 717 750 timeon
731 684 909 740 somniferam
926 686 1065 758 ingerunt,
1083 699 1109 740 et
1128 687 1213 752 ittud.
1253 688 1254 693 ’

135 776 278 843 sipossest
288 810 298 837 ‚
309 774 367 843 ejus
380 772 480 825 virtute
491 770 638 845 soporifera
658 772 814 842 spoliarent.
828 772 902 827 Nibii
913 773 1039 846 equidem
1053 776 1080 829 in
1094 776 1157 849 opio
1172 796 1216 830 re·

137 862 201 913 neni
216 859 372 913 reconditur
389 871 488 932 preter
501 859 572 913 banc
589 860 737 928 virtutem
751 878 807 915 non
818 860 900 932 igitur
911 864 1074 917 correctione
1087 884 1154 936 opus
1163 879 1214 920 est.

136 949 205 1003 Sole
215 948 336 1021 purgatio
350 966 366 1001 a
381 946 519 1010 sordibus,
535 960 623 1014 terra,
635 967 718 1003 arena
735 964 783 1005 aut
801 950 858 1005 aliis
873 949 1099 1023 inquinamentis,
1116 955 1214 1025 quibus

137 1047 347 1108 conspurcatum
365 1034 400 1087 ad
413 1053 462 1089 uos
477 1037 545 1089 sciet
559 1036 715 1107 pervenire.
730 1038 890 1109 requiritur-3
905 1038 1028 1111 nihilque
1039 1040 1074 1094 ab
1084 1058 1118 1095 eo
1130 1042 1215 1095 refor-

138 1124 315 1191 midantium,
326 1122 407 1177 modo
418 1126 488 1195 justa
507 1123 567 1178 dori
581 1125 669 1179 etrite
683 1124 851 1179 exhibeatur.

175 1213 308 1284 Purgatur
319 1223 410 1265 sutem
429 1210 600 1277 asordibns,
620 1212 680 1275 rel,
702 1224 733 1265 nt
749 1212 840 1273 aiunt,
864 1225 1026 1284 preparatur
1038 1213 1169 1268 solutione
1187 1215 1215 1267 in

138 1301 246 1373 liquore
261 1301 356 1371 quovis
368 1299 468 1353 idoneo
480 1312 509 1351 et
525 1300 736 1353 transcolatione.
749 1301 826 1371 Soepe
836 1299 954 1355 colntura
971 1314 1129 1355 maturet
1142 1304 1218 1357 exhi·

139 1389 221 1443 betur
235 1408 283 1460 per
295 1398 383 1461 guttas
395 1387 447 1441 sub
459 1388 569 1440 nomine
582 1389 761 1441 tincturarum
777 1388 832 1461 opii
847 1386 889 1441 rel
901 1386 1009 1442 lauriani
1023 1389 1119 1462 liquidi
1132 1408 1214 1443 snou-

140 1495 287 1549 numquam
299 1476 379 1530 etiam
390 1476 480 1549 liquor
489 1474 524 1528 ad
538 1476 648 1529 extracti
657 1475 737 1530 solidi
749 1476 942 1530 consistentiam
958 1478 1153 1543 exsiccatnr‚et
1165 1480 1217 1531 sub

142 1566 231 1619 forma
247 1565 394 1636 piinlarnrn
408 1565 450 1617 rei
464 1564 582 1635 pulveris
593 1564 743 1617 exhibetur.

177 1652 280 1724 Opinm
293 1672 356 1707 aero
368 1671 430 1706 cum
445 1670 514 1725 squs
536 1664 714 1724 prnpsratunr
731 1651 855 1704 omnium
869 1650 1029 1707 tutissimum
1043 1665 1069 1704 et
1089 1652 1218 1707 efficacis·

141 1742 241 1795 situum
254 1758 393 1794 censemus
410 1760 471 1794 cum
492 1726 646 1793 doctissimo
668 1738 811 1803 Wetielic,
827 1751 853 1793 et
877 1740 1036 1811 peritissimo
1054 1739 1178 1812 ebynrico
1192 1756 1219 1795 et

142 1828 250 1883 medico
270 1830 371 1883 iaccbo
383 1828 423 1880 Ls
433 1830 526 1882 Monr.
542 1828 616 1881 Nihil
628 1828 701 1881 euim
714 1846 746 1881 er
756 1827 809 1881 boc
826 1840 961 1882 menstruo
972 1828 1217 1899 pertimescendum

142 1928 201 1981 esu
214 1930 241 1970 et
253 1917 344 1988 opium
362 1917 402 1970 sic
418 1928 597 1988 preparatum
611 1933 667 1967 non
685 1915 772 1968 solum
785 1914 968 1986 heterogeneis
980 1911 1108 1986 'partibus
1121 1918 1216 1989 purgi-

144 2017 204 2070 tnr‚
218 2003 267 2057 sed
279 2006 358 2058 etism
371 2022 421 2057 saa
433 2002 676 2080 resinaluonuullis
689 1998 802 2055 medicis
813 2000 1015 2055 reformidantis
1025 2003 1167 2075 spoliatum
1181 2006 1218 2059 ita

144 2104 175 2144 ut
185 2091 259 2164 apud
271 2091 404 2146 Ioannem
417 2093 502 2145 Jorrs
519 2089 657 2143 medicum
671 2087 888 2154 Londinensern,
907 2091 1036 2145 Tractatu
1050 2092 1162 2163 Angiico
1183 2094 1219 2147 de

144 2181 259 2233 detectis
273 2180 330 2252 opii
343 2179 491 2252 mysteriis,
505 2178 564 2231 hnc
580 2178 698 2231 tinctura
710 2176 837 2231 Panscetr
850 2177 927 2235 titulo
941 2178 1107 2251 insigniatur.
1119 2182 1221 2237 lietera

130 2252 365 2341 'quandoquidem
383 2278 486 2322 constat
498 2266 592 2337 opium
613 2284 669 2319 nou
684 2284 741 2319 esse
756 2264 900 2337 frigidum,
915 2284 964 2319 nec
977 2268 1137 2339 sanguinem
1156 2287 1220 2323 coa-

146 2358 255 2427 gulare,
275 2369 306 2410 ut
320 2356 451 2429 putabant
467 2356 596 2417 Veteres,
614 2351 681 2425 qnid
701 2372 770 2426 opus
787 2366 827 2406 est
845 2364 883 2406 tot
896 2354 987 2408 calidis
1005 2367 1051 2409 aut
1068 2356 1221 2411 aromaticis

145 2445 301 2499 subtantiis
312 2444 477 2518 quibuscum
489 2441 636 2496 consociari
645 2442 733 2496 solet?
746 2443 786 2493 An
798 2440 832 2495 ad
843 2442 989 2515 jurandam
1002 2431 1058 2517 opii
1075 2444 1223 2500 virtutem?
1325 2495 1328 2503 .

146 2532 202 2587 sed
218 2552 324 2607 qnnso,
343 2531 410 2605 qnid
433 2532 528 2604 opium
545 2530 692 2603 adjumenti
709 2530 829 2601 recipere
852 2542 936 2600 potest
957 2548 1222 2597 acroco‚cnstoreo
1264 2571 1268 2580 ι
1299 2602 1300 2607 ¹

147 2636 194 2678 aut
210 2625 312 2678 ceteris
326 2623 490 2676 aromatibus
511 2621 609 2693 quibus
625 2621 707 2691 longe
725 2632 853 2691 praestat,
870 2630 927 2673 tutu
943 2620 978 2673 nd
1002 2639 1123 2695 soporem
1144 2624 1223 2678 indu·

147 2713 282 2777 centium,
295 2727 353 2767 tum
373 2713 407 2767 ad
420 2711 530 2766 sudores
547 2709 704 2765 movendos.
723 2709 791 2763 Aliis
803 2728 913 2782 quoque
926 2710 962 2765 de
982 2714 1067 2769 causis
1089 2714 1146 2769 brec
1165 2734 1224 2769 aro·

147 2813 218 2855 mata
233 2802 263 2853 in
282 2800 519 2874 preparetionibos
537 2798 638 2852 usitatis
658 2816 676 2851 a
692 2797 831 2851 nonnuliis
854 2797 1050 2865 admittuntur,
1068 2802 1168 2857 scilicet
1188 2803 1223 2858 ad

148 2892 267 2943 virosum
283 2889 342 2962 opii
362 2888 474 2942 odorem
496 2884 712 2949 emendandum,
731 2884 773 2937 rei
798 2884 927 2939 etiamad
948 2886 1016 2941 iilud
1029 2892 1112 2962 magis
1132 2904 1223 2945 exten·

148 2977 284 3040 dentium,
296 2990 327 3031 ut
339 2976 447 3032 facilins
467 2976 497 3029 in
517 2994 613 3048 parvas
624 2975 703 3029 doses
714 2974 898 3029 distribuatur.
913 2974 1043 3030 andern
1060 2978 1096 3032 ob
1116 2998 1224 3034 causam

148 3086 259 3140 quoque
275 3067 428 3121 stomin
440 3066 531 3136 opium
544 3063 679 3137 liquidum
696 3074 815 3117 extracto
833 3062 905 3116 sicco
919 3064 1157 3139 anteponit,quod
1168 3086 1227 3139 gra·

151 3173 217 3207 num
242 3172 327 3207 unum
347 3154 403 3225 opii
425 3152 543 3207 solutum
571 3151 677 3205 facilius
701 3150 729 3204 in
753 3148 907 3222 quindecim
928 3152 969 3205 rel
992 3153 1087 3223 viginti
1109 3154 1226 3226 guttulas

150 3241 303 3305 dividatur,
324 3260 406 3314 qnam
425 3252 575 3294 extractum
597 3240 697 3293 siccum
711 3238 741 3291 in
754 3238 850 3309 viginti
868 3250 954 3309 partes
971 3240 1048 3311 praui
1069 3242 1160 3295 unius.

187 3329 333 3384 Receusitis
345 3330 402 3401 opii
416 3327 656 3401 propinationibus
675 3326 841 3399 frequentius
865 3326 984 3389 usitatis,
1008 3346 1081 3383 nnnc
1102 3328 1225 3402 quedam

151 3418 254 3471 monita
266 3417 337 3471 circa
349 3416 420 3471 iilius
432 3433 511 3469 nsum
525 3431 699 3488 exponamus.

191 3504 218 3558 ιο
232 3504 363 3559 Tinctura
376 3519 423 3558 aut
433 3514 585 3557 extractum
598 3502 656 3574 opii
665 3519 727 3556 cnm
740 3500 832 3573 aqueis
847 3501 989 3555 menstruis
1001 3516 1163 3576 preparato.
1176 3524 1226 3559 cn·

153 3592 217 3653 teris
229 3592 466 3665 praeparationibus
484 3602 620 3663 prestant.

189 3684 219 3734 2⁰
232 3679 297 3753 Opii
315 3682 439 3733 tinmurn
450 3691 480 3732 et
493 3690 613 3732 extracta
624 3678 743 3731 resinosa
758 3694 819 3729 cnm
836 3675 932 3749 spiritu
947 3676 1003 3731 rini
1017 3690 1166 3751 preparata
1184 3698 1227 3733 re·

152 3770 289 3841 jiciuntur.
302 3766 446 3822 intensiori
456 3765 528 3819 enim
541 3766 566 3817 ri
580 3765 716 3819 narcotics
728 3762 883 3827 donantur,
894 3774 974 3835 caput
987 3776 1112 3836 gravant,
1123 3768 1230 3841 sangui.

156 3876 219 3913 nem
236 3870 264 3910 et
281 3855 389 3929 spiritus
410 3853 593 3915 inflammant,
614 3869 819 3924 nonnumquam
841 3850 920 3903 etiam
937 3851 1080 3907 ventriculi
1097 3854 1230 3909 memina-

157 3946 199 3999 nis
217 3944 349 3998 inhorrent
366 3964 373 4010 ;
402 3943 492 4015 ibique
517 3939 677 4013 gravitates,
700 3957 833 4006 nauseas,
858 3938 987 4009 singultus
1017 3952 1045 3993 et
1071 3941 1230 3995 vomitiones

159 4046 281 4088 exerunt.
