2925 5009
437 499 592 566 LIBER
625 500 775 568 xvtlt.
1063 525 1132 596 ¹77

85 625 309 716 ergastulorum
325 651 397 698 non
412 615 563 698 eudem³¹
580 631 806 701 emolumenta
817 655 905 720 esse,
923 656 998 727 quse
1015 633 1139 704 fuerint

84 731 315 824 imperatorum.

128 839 169 906 V.'
188 840 296 932 Igitur
313 839 355 910 de
376 839 507 910 cultura
530 842 600 936 egri
620 842 800 938 praecipere
822 843 1003 940 principale
1024 844 1087 915 luit
1107 861 1141 916 et
1162 881 1173 916 t

83 942 158 1036 apud
177 959 317 1016 exteros.
348 946 517 1040 Siquidem
539 963 573 1018 et
599 948 714 1043 reges¹
743 949 869 1039 iecere,
893 953 1015 1038 Hiero,
1036 950 1143 1022 Philo·

83 1049 341 1137 metorhttnlus²,
357 1051 560 1122 Archelaus:
580 1069 614 1124 et
632 1054 737 1124 duces
750 1055 941 1150 Xenophon
951 1110 961 1142 ‚
971 1069 1007 1124 et
1023 1059 1143 1128 Poenus

81 1155 168 1223 etiam
182 1157 307 1249 Mago:
328 1160 383 1226 cui
400 1158 534 1251 quidem
550 1173 680 1229 tantum
702 1159 865 1230 honorent
881 1176 1014 1232 senatus
1030 1179 1143 1232 noster

82 1259 185 1329 hebuit
203 1263 408 1356 Carthagine
430 1278 548 1358 cepta,
570 1280 609 1335 ut
629 1289 731 1358 quum
751 1264 874 1360 regulis
891 1266 1014 1337 Africus
1030 1267 1144 1338 biblio

83 1365 180 1435 thecas
205 1366 367 1453 donaret,
394 1371 493 1438 unius
515 1370 586 1463 ejus
606 1369 854 1467 duodetriginta
873 1370 1045 1442 volumino
1067 1399 1143 1444 cen·

82 1486 155 1540 seret
166 1472 199 1541 in
211 1472 351 1542 latinum
365 1473 512 1568 linguam
524 1476 752 1547 transferendo
764 1530 775 1564 ,
789 1502 893 1571 quum
910 1479 979 1571 jani
994 1480 1044 1547 Μ.
1059 1482 1146 1551 Cato

82 1594 232 1672 precepta
246 1579 450 1650 condidisset
467 1607 475 1647 :
495 1583 674 1676 peritisque
693 1581 813 1677 linguae
829 1569 981 1678 punicte³
996 1583 1144 1654 dandum
1261 1583 1270 1598 '

83 1687 257 1776 negotium,
275 1686 311 1752 in
325 1711 393 1779 quo
409 1689 577 1781 praecessit
591 1711 708 1758 omnes
726 1691 778 1757 vir
792 1676 1001 1760 clarissimae⁴
1015 1689 1147 1760 somilim

116 1895 354 1967 inErgostulorum
366 1915 414 1950 non
426 1897 521 1963 eedem,
533 1910 584 1951 etc.
632 1899 687 1952 les:
705 1899 789 1952 Hiero
801 1898 919 1961 Siculus,
931 1911 959 1953 et
967 1897 1075 1954 httslus
1083 1899 1148 1954 Plri-

84 1972 295 2047 Siepersssupsuiie
305 1995 396 2031 servos
406 1975 585 2048 appellabant,
631 1979 756 2032 lometor.
766 2005 778 2026 ·
791 1980 947 2032 AVerroue
962 1991 1049 2032 annm
1064 1981 1148 2050 mgis

84 2053 158 2122 quiin
172 2056 297 2109 rillerum
318 2056 472 2128 ergastulis,
486 2054 514 2109 id
529 2069 584 2120 est,
631 2071 672 2110 sto
684 2077 692 2122 ;
705 2076 768 2110 nem
780 2057 882 2110 Attalus
893 2077 939 2110 rex
951 2057 1039 2121 hire,
1048 2057 1149 2112 studio·

84 2132 145 2184 cellis
158 2135 336 2189 subterraneis
357 2135 478 2188 obscuris
495 2148 585 2188 custo·
631 2154 675 2188 sus
688 2139 727 2188 rei
739 2137 859 2200 rusticus,
882 2137 981 2188 emicus
993 2137 1086 2208 populi
1102 2157 1147 2190 ro·

85 2209 219 2266 diebantur.
232 2215 304 2268 Vide
317 2215 582 2278 Brissouium,l.11‚
630 2215 721 2279 meni,
735 2233 815 2286 quern
834 2227 896 2285 post
913 2227 1027 2269 mortem
1039 2217 1148 2287 reliquit

85 2307 131 2360 etp.
144 2311 169 2362 9.
181 2295 286 2347 Denuo.
629 2293 1147 2365 beredem‚Philometorcognominetur
1260 2297 1265 2304 ’

118 2371 149 2424 tt.
168 2391 189 2425 r.
209 2371 334 2446 Siquidem
347 2387 372 2424 et
392 2392 467 2442 reges.
481 2374 522 2425 De
542 2371 584 2426 his
630 2385 684 2438 est,
693 2373 729 2426 ob
741 2375 867 2445 pietatem
880 2385 946 2444 puto
952 2392 1013 2444 erge
1024 2385 1147 2438 matrem,

86 2449 172 2518 egimus
186 2453 213 2504 in
224 2455 373 2506 Auctornm
388 2450 491 2505 Iudice.
509 2451 543 2504 ll.
631 2463 660 2504 ut
674 2452 809 2522 colligitur
820 2471 852 2504 ex
874 2451 1020 2516 Strabone,
1031 2452 1051 2505 l.
1062 2453 1146 2518 xm,

120 2548 142 2580 s.
156 2531 300 2584 Philometor
316 2533 427 2585 Attalus.
442 2531 585 2584 AEstiurnn·
630 2544 658 2584 et
671 2533 765 2603 Trogo
780 2531 925 2602 Pompeio,
945 2532 992 2585 lib.
1016 2531 1145 2585 XXXVI.

87 2603 139 2660 dum
156 2611 238 2664 sintne
257 2607 314 2664 duo
329 2624 450 2664 auctores
463 2611 583 2662 Philome·
630 2609 711 2662 Prisc.
722 2641 762 2652 —
771 2611 923 2662 Philometor
935 2611 1049 2663 Attalns.
1062 2611 1106 2664 Sic
1119 2625 1146 2666 et

89 2697 119 2737 tor
134 2700 157 2741 et
178 2691 294 2746 Arnim.
320 2709 353 2742 sn
376 2709 446 2744 nnus
470 2700 583 2743 tentum.
630 2689 794 2742 Turnebus
804 2690 890 2742 Gron.
904 2702 930 2743 et
940 2690 974 2742 sl.
984 2687 1144 2756 distinctim,

88 2763 144 2820 ttsn
156 2768 253 2823 Plinius
269 2771 316 2823 hic
328 2769 395 2824 duos
409 2769 530 2840 accipere
543 2769 584 2819 vi·
630 2768 792 2832 Philometor,
814 2769 933 2831 Attalus,·
951 2780 979 2820 et
989 2768 1025 2820 ite
1037 2787 1071 2823 ex
1085 2769 1143 2823 ttS.

87 2842 163 2907 duur,
175 2861 205 2901 nt
217 2861 329 2919 epporet
344 2849 423 2902 etium
446 2867 477 2918 ομ
491 2844 585 2900 Iudice
630 2847 697 2918 lleg.
708 2867 721 2900 u
733 2887 741 2907 ,
752 2847 891 2901 Broterius
902 2861 929 2901 et
941 2849 1055 2900 lieston.
1071 2848 1124 2902 lin.

88 2926 205 2992 presentis
219 2929 300 2992 libri,
322 2929 369 2980 ubi
388 2940 441 2980 tom
455 2928 483 2978 in
494 2943 584 2979 exem·
672 2925 697 2978 3.
706 2926 840 2998 peritisque
849 2927 940 2996 lingna
950 2926 1144 2982 Pontemhlss.
1162 2941 1166 2946 ’

88 3001 144 3072 pleri
162 3009 275 3079 scripto,
298 3025 380 3076 quam
403 3007 430 3060 iu
451 3005 585 3076 impressis
630 3005 695 3074 lleg.
718 3017 770 3059 etc.
788 3010 918 3078 peritisque
936 3012 1038 3076 punire,
1062 3018 1094 3058 ut
1111 3007 1146 3062 sit

89 3081 118 3132 sic
128 3082 251 3139 hebetur:
265 3112 277 3133 ι
288 3087 428 3150 Externis,
450 3083 582 3145 Hesiodo,
631 3083 803 3149 sdverbium,
818 3087 886 3136 sicut
900 3104 996 3154 groece,
1009 3085 1091 3136 latine.
1108 3085 1144 3139 ll.

90 3159 281 3233 Theophrasto,
305 3164 466 3228 Aristotele,
487 3167 585 3216 Demo·
672 3169 699 3226 4.
716 3160 983 3227 Clariese'nsoesomliiae.
997 3163 1145 3218 Nemeseo

90 3239 160 3307 nito,
173 3243 287 3297 Hierone
308 3261 386 3314 rege,
407 3245 585 3297 Philometore
631 3241 730 3295 semilis
743 3243 832 3307 fuere,
855 3256 884 3296 ut
894 3247 950 3314 jem
963 3240 1094 3307 diximus,
1111 3247 1145 3298 Α.

90 3335 154 3390 tege,
167 3325 254 3377 Attalo
268 3342 339 3393 rege.
352 3349 363 3370 ι
380 3323 494 3376 Videtur
506 3321 585 3375 etiem
631 3321 753 3374 Licinius
771 3323 860 3376 Nerva
881 3323 1004 3388 Silenus,
1019 3323 1146 3376 triumvir

91 3399 222 3456 Columella
244 3403 325 3473 hujus
350 3421 405 3456 esse
427 3401 586 3473 opinionis,
632 3400 772 3453 monetalis
795 3401 846 3454 sub
868 3403 988 3472 Augusto
1002 3417 1009 3452 ε
1022 3401 1144 3463 Silenus,

91 3475 129 3530 lit.
142 3480 166 3546 l,
177 3499 232 3553 esp.
249 3500 261 3535 1
273 3500 281 3534 ι
292 3481 393 3535 «Sicuti
406 3499 531 3553 quoque,
545 3480 587 3531 in·
632 3479 736 3532 Orienti
747 3481 901 3550 preelectus,
919 3480 946 3532 in
959 3481 1078 3533 nummis
1089 3487 1147 3536 stt·

92 3560 152 3625 quit,
164 3579 217 3614 non
230 3561 360 3614 mediocri
374 3579 436 3614 cure
450 3559 586 3630 negotium
632 3562 797 3623 nomn,
809 3561 859 3613 snb
874 3559 1005 3612 Tiberio:
1018 3559 1057 3611 Μ,
1078 3559 1147 3614 sita-

93 3633 151 3689 'und
167 3641 322 3711 prosequuti
342 3639 542 3703 sunt,llieron.
562 3633 588 3688 e't
632 3655 700 3701 nus,
724 3657 808 3710 nepos
831 3639 919 3708 neptis
940 3637 1053 3708 Augusti
1071 3638 1146 3710 opud

94 3713 588 3790 Epicharmusdiscipulus,Philometor
633 3717 766 3783 Plinium,
783 3718 987 3787 llh.V11,osp.
1005 3733 1053 3779 rt,
1070 3729 1147 3772 etex

93 3805 116 3844 tt
125 3796 232 3851 Attalns.
245 3825 256 3845 ·
276 3801 312 3851 At
327 3799 365 3851 hi.
385 3800 486 3862 Varro,
500 3795 547 3849 lib.
560 3797 589 3860 1,
634 3815 667 3850 eo
678 3797 849 3848 nstnsAElins
858 3797 977 3859 Silenus,
988 3795 1072 3849 freter
1081 3797 1148 3850 Ner-

94 3887 143 3943 np.
155 3876 215 3929 item
225 3894 236 3928 ι
245 3915 253 3940 ,
262 3896 345 3931 unuin
356 3889 456 3930 tanturn
469 3877 590 3947 intelligit
636 3876 748 3944 raimp.
760 3877 788 3928 in
796 3893 910 3928 nummo
919 3875 1047 3946 inscripto
1058 3893 1148 3929 euru·

95 3949 287 4010 Philometorem
301 3959 421 4012 Attalum
431 3957 471 4009 his
485 3957 589 4010 verbis:
636 3973 700 4020 uis,
713 3973 793 4024 quem
811 3955 873 4008 slihi
885 3954 1071 4026 explicuimus.
1086 3957 1149 4008 Cla·

100 4031 147 4084 *lli
163 4048 302 4108 suntquos
323 4037 421 4090 hebere
439 4037 467 4089 in
480 4035 591 4090 consilio
636 4035 747 4088 risslmse
759 4035 842 4106 igitur
857 4035 963 4087 familiis
980 4035 1094 4088 Decium
1108 4033 1150 4086 Si·

98 4115 200 4177 poteris,
211 4133 291 4186 quum
307 4115 373 4188 quid
394 4114 533 4169 consulere
546 4131 594 4170 ro·
636 4113 709 4166 *ioum
723 4115 772 4167 iste
785 4113 845 4169 luit.
859 4113 951 4167 Hinc.

163 4215 224 4280 VI.
974 4235 1017 4279 ια
