2925 5009
451 472 605 543 ιιιιιιιι
632 474 761 543 xvir.
1087 470 1136 566 59

23 606 25 715 ἰ
95 628 171 673 sese:
188 600 337 697 repleturi
350 604 484 689 omnia,
500 606 533 673 ni
553 605 682 734 resistat
699 602 830 675 cultura
842 630 849 671 :
863 627 1000 698 prorsus
1015 618 1053 673 ut
1066 630 1139 698 pm-

23 718 25 791 ,
96 709 255 779 sintrideri
268 709 421 807 homines
435 725 530 781 terrae
542 710 658 781 causa¹
678 711 803 805 geniti:
817 712 862 781 ita
881 712 1138 840 pessimamque

23 848 26 883 ι
96 814 272 885 exsecranda
285 840 337 885 res
350 818 568 911 propaginem
578 832 689 887 tamen
699 816 830 903 docuit
843 840 884 887 ac
891 816 1136 888 'viviradicem

23 954 25 1011 g
94 920 201 989 Eadem
220 935 329 991 autem
350 938 469 993 natura
487 938 537 993 est
558 923 674 993 ederis.
693 908 796 995 (ὶιιῑο3
820 923 998 1018 propagari
1018 937 1172 1018 praetcrs

23 1018 25 1121 [
94 1028 179 1096 vitem
202 1027 299 1097 tradit
319 1028 422 1097 licum
430 1032 594 1117 ,oleam,
624 1032 799 1125 punicam,
822 1028 989 1099 malorum
1017 1054 1139 1125 genera

23 1142 25 1231 ξ
94 1136 207 1219 amnia,
232 1134 382 1219 laurum,
409 1160 554 1230 prunos,
583 1152 725 1231 myrtos,
762 1158 864 1206 nuces
893 1134 1079 1223 avellanas,
1105 1150 1140 1205 et

93 1242 307 1333 prenestinas,
333 1240 514 1337 platanum.
538 1246 765 1339 propaginum
786 1242 856 1312 sluo
876 1266 1022 1337 genem:
1046 1265 1140 1311 ramo

94 1346 127 1415 ab
144 1347 256 1417 arbore
274 1347 464 1443 depresso
456 1374 489 1417 ιιι
509 1350 660 1419 scrobem
679 1364 823 1445 quatuor
840 1348 964 1444 pedum
985 1374 1141 1443 quoquo,

23 1502 25 1511 ,
94 1466 119 1520 et
132 1468 199 1546 post
212 1454 383 1524 biennium
401 1469 580 1594 amputato
588 1456 691 1539 llexu,
702 1455 882 1575 plantaque
896 1454 1054 1527 translata
1068 1470 1143 1575 post

23 1588 25 1609 ι
94 1561 268 1631 trimatum:
288 1584 371 1656 quas
387 1586 413 1630 ιι
406 1549 580 1655 Ιοιιςιιιι4
599 1562 687 1632 ferre
703 1562 852 1646 libeat,'
842 1586 876 1631 ιιι
893 1560 1000 1655 qualis
1015 1562 1143 1644 statim,

23 1690 25 1751 ζ
94 1681 140 1734 aut
156 1668 237 1736 rasis
253 1666 409 1737 [ictilibus
423 1667 580 1739 defodere
595 1670 796 1799 propagines
810 1669 1037 1762 aptissimum,
1052 1682 1090 1737 ut
1110 1670 1144 1736 in

23 1848 25 1859 0
94 1772 125 1841 iis
141 1773 384 1843 transferantur.
409 1772 559 1845 Alterum
579 1800 685 1871 genus
691 1760 944 1857 5Ιιιιιιιιοιιιιι,
965 1774 1119 1845 radices
1110 1800 1144 1843 ιιι

23 1874 24 1883 ³
96 1880 163 1997 ipsa
165 1880 280 1949 arbore
293 1878 513 1967 sollicitando,
523 1882 668 2011 trajectis
680 1906 741 1977 per
752 1904 830 1951 vasa
838 1880 950 1953 fictilia
965 1879 1017 1951 vel
1029 1878 1145 1976 qualos

23 2006 25 2077 j
95 1987 196 2070 ramis,
221 2000 376 2105 terraque
403 1973 672 2058 circumfertis⁶=
664 2003 799 2082 ·atquc
829 1988 893 2057 boc
919 1986 1146 2059 blandimento

96 2092 260 2187 impetratis
287 2093 470 2179 radicibus,
492 2096 578 2165 inter
600 2094 751 2189 poma⁷
742 2118 813 2189 ipsa
834 2108 870 2163 et
894 2096 1068 2165 cacumina
1089 2084 1145 2185 (in

23 2230 25 2297 ᾗ
96 2223 207 2267 ιιιιιιιιιιι
222 2202 345 2269 etenim
367 2202 538 2270 cacumina
560 2200 625 2269 hoc
643 2200 746 2271 modo
763 2192 943 2295 petuntur)
961 2199 1106 2269 audaci
1099 2226 1146 2270 m-

23 2418 25 2465 l
131 2427 195 2481 xxt.
212 2430 589 2484 armamentorum
633 2430 776 2503 propspsri
799 2442 926 2501 opomet,
944 2441 1048 2483 etcum
1069 2428 1102 2483 iia
1120 2430 1148 2484 in

98 2505 211 2573 colerem,
234 2526 265 2562 ac
289 2522 498 2581 perpurgsrent,
515 2506 613 2587 quod
633 2511 757 2563 scrobem
769 2508 870 2563 deferri
886 2521 1034 2580 oportet.
1022 2508 1080 2561 ll.

99 2604 146 2637 ram
156 2588 281 2641 ruborum
289 2589 352 2641 alias
364 2588 428 2643 silva
440 2601 592 2661 oocuparet
677 2590 703 2642 5.
722 2590 837 2642 Alterum
846 2608 930 2659 penus.
946 2590 981 2641 Et
997 2586 1067 2641 illud
1081 2588 1149 2643 Csto

23 2676 25 2729 l
100 2678 120 2719 et
130 2667 253 2723 obrueret
265 2669 356 2721 llano.
635 2669 737 2740 pariter
748 2669 830 2723 babet
836 2687 911 2739 ,.eap
922 2686 1030 2723 ιιιιιιιιιιι
1038 2668 1080 2722 lus
1091 2687 1148 2722 ser

23 2740 25 2769 ²
133 2765 156 2797 a.
169 2749 206 2799 Ac
221 2766 261 2799 νιν
243 2748 383 2801 stradam.
399 2748 519 2811 Plantas,
533 2766 592 2819 quas
637 2748 726 2801 bisr·
738 2746 1035 2803 lnarboribusradices
1053 2748 1093 2801 nti
1110 2766 1149 2803 ca

23 2826 25 2841 ’
100 2824 310 2881 mmrivsmdice
319 2826 592 2899 seripossint.Hsan.
639 2828 728 2899 piant,
752 2828 861 2893 calicem
887 2840 1026 2902 pertusum
1051 2828 1151 2881 sumito
1231 2828 1237 2837 '

134 2902 157 2958 3.
171 2904 239 2960 caso.
254 2908 322 2979 Cap.
338 2926 368 2961 m
388 2926 394 2961 :
410 2907 593 2979 «propagatio
639 2908 705 2972 tibi,
722 2920 769 2961 aut
790 2907 955 2980 quasillum:
972 2924 1021 2979 per
1036 2926 1097 2961 eum
1111 2926 1152 2961 aa·

101 3000 242 3052 pomorum,
263 2988 429 3061 aliarumque
453 2988 593 3040 arborum.
639 2987 743 3040 mulam
756 2988 912 3041 transesito:
932 3004 993 3041 eum
1008 2986 1152 3059 quasillum

23 3106 24 3125 ,
101 3062 135 3115 Ab
146 3066 233 3121 arbore
247 3068 378 3120 abs-terra
392 3067 460 3138 pulli
480 3067 527 3137 qui
548 3085 595 3121 na·
641 3079 710 3121 terra
725 3066 853 3139 impleto.
871 3068 1046 3138 calcatoque:
1068 3065 1152 3119 inas·

23 3212 24 3215 Ἴ
100 3148 299 3209 sceutnr,sosirr
322 3145 593 3219 terrsmdeprimito.
641 3148 735 3200 liorem
750 3146 1152 3217 relinquitozubibimumerit,

23 3278 25 3299 ,
101 3222 257 3297 extollitoque
270 3227 416 3296 primorem
431 3220 543 3299 partem,
554 3224 594 3279 uti
641 3244 748 3281 ramum
765 3238 886 3280 tenerum
907 3226 977 3280 inlra
994 3222 1152 3297 procidito:

23 3308 24 3327 ¹
102 3300 202 3357 radicem
215 3306 319 3377 capiat:
334 3302 398 3359 inde
408 3305 518 3359 biennio
534 3316 595 3377 post
638 3323 700 3359 eum
736 3306 850 3377 quasillo
874 3306 964 3361 serito.
1002 3306 1045 3359 Eo
1071 3304 1153 3359 modo
1244 3316 1247 3319 ’

103 3380 212 3449 cllodito,
224 3386 366 3457 seritoque.
378 3384 470 3440 Picum
480 3424 487 3449 ,
498 3386 594 3449 oleam,
638 3385 752 3457 quodvis
761 3404 845 3458 genus
857 3386 984 3439 arborum
998 3384 1085 3439 lacere
1097 3398 1152 3455 pot·

104 3462 186 3515 ndum
201 3466 343 3535 punicum,
359 3478 517 3530 cotoneum,
532 3464 595 3518 alia·
639 3465 691 3518 em's
703 3466 743 3520 uti
756 3465 859 3519 radices
872 3464 942 3518 bene
951 3465 1077 3517 babeant.
1091 3488 1103 3511 ι
1119 3464 1154 3517 ll.

104 3556 147 3609 qne
155 3540 310 3599 malaomnia
319 3545 456 3609 ,lanrum,
467 3556 595 3616 myrtum,
681 3548 709 3599 6.
725 3544 903 3613 Circusfartis.
909 3543 952 3599 Sic
962 3543 1039 3599 MSS.
1050 3562 1155 3605 omnes,

105 3636 171 3674 ιιιιι
180 3622 361 3693 Praenestinas,
373 3626 510 3697 platanum
519 3644 528 3689 ι
538 3625 595 3677 haro
639 3639 711 3691 non,
727 3638 758 3680 nt
770 3624 852 3690 editi,
876 3626 1061 3694 circunspectus,
1083 3624 1155 3677 nulls

23 3758 24 3765 χ
106 3700 180 3755 onnia
198 3721 213 3757 a
231 3706 317 3775 capite
330 3705 488 3777 propagari,
502 3704 594 3757 eximi·
641 3704 721 3775 plane
735 3704 873 3759 sententia.
888 3704 980 3759 llsao.

106 3794 162 3847 qne,
182 3784 282 3854 serique
300 3783 394 3839 eodem
415 3783 496 3838 modo
515 3804 596 3855 opor·
682 3803 708 3854 7.
727 3786 798 3839 Inter
811 3804 894 3854 pona.
909 3782 1049 3855 luteripsa
1060 3800 1158 3855 poma,

23 3932 24 3935 Ἴ
107 3868 168 3909 tet.-
185 3860 271 3917 llrsm
642 3874 721 3935 atque
741 3866 769 3917 in
792 3865 851 3936 ipso
872 3864 977 3920 arboris
998 3862 1154 3917 cacumine:

23 3940 25 3957 '
141 3942 276 4010 Quas
254 3964 276 3997 ιι
291 3944 394 4014 longam
410 3945 493 4007 Cato,
505 3962 595 3998 c.:1.n
642 3962 703 3996 nam
719 3946 808 3999 velex
828 3946 888 4015 ipso
900 3942 1159 3999 summncacamine

23 4070 24 4075 ,
111 4016 188 4081 Qus
200 4020 350 4094 diligentius
359 4042 500 4095 propagari
494 4024 598 4085 uoles,
643 4024 709 4077 rami
737 4022 771 4077 ad
797 4024 969 4096 propaginem
998 4023 1157 4093 seliguntur.

108 4094 131 4147 in
151 4100 213 4154 sulss
232 4114 277 4156 sut
300 4104 330 4157 in
359 4104 450 4175 qualos
477 4117 599 4175 pertusos
644 4102 735 4158 llsso.
