<?xml version="1.0" encoding="UTF-8"?>
<!DOCTYPE html PUBLIC "-//W3C//DTD XHTML 1.0 Transitional//EN"
    "http://www.w3.org/TR/xhtml1/DTD/xhtml1-transitional.dtd">
<html xmlns="http://www.w3.org/1999/xhtml" xml:lang="en" lang="en">
 <head>
  <title>
</title>
<meta http-equiv="Content-Type" content="text/html;charset=utf-8" />
  <meta name='ocr-system' content='tesseract 3.04.00' />
  <meta name='ocr-capabilities' content='ocr_page ocr_carea ocr_par ocr_line ocrx_word'/>
</head>
<body>
  <div class='ocr_page' id='page_1' title='image "./caiipliniisecun02unkngoog_0213.png"; bbox 0 0 2925 5009; ppageno 0'>
   <div class='ocr_carea' id='block_1_1' title="bbox 326 442 1122 512">
    <p class='ocr_par' dir='ltr' id='par_1_1' title="bbox 326 442 1122 512">
     <span class='ocr_line' id='line_1_1' title="bbox 326 442 1122 512; baseline -0.004 0"><span class='ocrx_word' id='word_1_1' title='bbox 326 467 400 512; x_wconf 82' lang='lat' dir='ltr'><strong>aon</strong></span> <span class='ocrx_word' id='word_1_2' title='bbox 588 445 627 512; x_wconf 90' lang='lat' dir='ltr'><strong>C.</strong></span> <span class='ocrx_word' id='word_1_3' title='bbox 657 443 828 512; x_wconf 78' lang='lat' dir='ltr'>PLINII</span> <span class='ocrx_word' id='word_1_4' title='bbox 856 442 965 512; x_wconf 82' lang='lat' dir='ltr'><strong>NAT.</strong></span> <span class='ocrx_word' id='word_1_5' title='bbox 994 446 1122 512; x_wconf 70' lang='lat' dir='ltr'><strong>illst.</strong></span> 
     </span>
    </p>
   </div>
   <div class='ocr_carea' id='block_1_2' title="bbox 289 571 1376 1416">
    <p class='ocr_par' dir='ltr' id='par_1_2' title="bbox 289 571 1376 1416">
     <span class='ocr_line' id='line_1_2' title="bbox 323 571 1374 670; baseline 0.002 -27"><span class='ocrx_word' id='word_1_6' title='bbox 323 573 451 644; x_wconf 88' lang='lat' dir='ltr'><strong>nullum</strong></span> <span class='ocrx_word' id='word_1_7' title='bbox 470 571 622 669; x_wconf 85' lang='lat' dir='ltr'>equidem</span> <span class='ocrx_word' id='word_1_8' title='bbox 639 575 904 670; x_wconf 75' lang='lat' dir='ltr'>comparaverim</span> <span class='ocrx_word' id='word_1_9' title='bbox 921 573 1067 644; x_wconf 81' lang='lat' dir='ltr'><strong>candore</strong></span> <span class='ocrx_word' id='word_1_10' title='bbox 1078 599 1119 644; x_wconf 85' lang='lat' dir='ltr'><strong>ac</strong></span> <span class='ocrx_word' id='word_1_11' title='bbox 1138 574 1299 669; x_wconf 85' lang='lat' dir='ltr'><strong>pondere,</strong></span> <span class='ocrx_word' id='word_1_12' title='bbox 1316 601 1374 670; x_wconf 86' lang='lat' dir='ltr'><strong>quo</strong></span> 
     </span>
     <span class='ocr_line' id='line_1_3' title="bbox 322 680 1375 775; baseline 0.002 -25"><span class='ocrx_word' id='word_1_13' title='bbox 322 682 467 750; x_wconf 85' lang='lat' dir='ltr'><strong>maxime</strong></span> <span class='ocrx_word' id='word_1_14' title='bbox 486 680 684 751; x_wconf 70' lang='lat' dir='ltr'><strong>discernitur</strong></span> <span class='ocrx_word' id='word_1_15' title='bbox 703 707 710 748; x_wconf 90' lang='lat'><strong>:</strong></span> <span class='ocrx_word' id='word_1_16' title='bbox 732 682 898 751; x_wconf 84' lang='lat' dir='ltr'><strong>montanis</strong></span> <span class='ocrx_word' id='word_1_17' title='bbox 921 681 1022 750; x_wconf 88' lang='lat' dir='ltr'><strong>modo</strong></span> <span class='ocrx_word' id='word_1_18' title='bbox 1046 697 1261 775; x_wconf 79' lang='lat' dir='ltr'>comparetur</span> <span class='ocrx_word' id='word_1_19' title='bbox 1283 681 1375 752; x_wconf 79' lang='lat' dir='ltr'><strong>ltalia</strong></span> 
     </span>
     <span class='ocr_line' id='line_1_4' title="bbox 323 773 1375 883; baseline 0.001 -27"><span class='ocrx_word' id='word_1_20' title='bbox 323 788 411 882; x_wconf 84' lang='lat' dir='ltr'><strong>agris</strong></span> <span class='ocrx_word' id='word_1_21' title='bbox 443 801 634 874; x_wconf 82' lang='lat' dir='ltr'><strong>externum,</strong></span> <span class='ocrx_word' id='word_1_22' title='bbox 660 790 693 857; x_wconf 90' lang='lat' dir='ltr'><strong>in</strong></span> <span class='ocrx_word' id='word_1_23' title='bbox 725 785 812 882; x_wconf 88' lang='lat' dir='ltr'><strong>quo²</strong></span> <span class='ocrx_word' id='word_1_24' title='bbox 837 788 1061 883; x_wconf 75' lang='lat' dir='ltr'>principatum</span> <span class='ocrx_word' id='word_1_25' title='bbox 1092 789 1200 856; x_wconf 90' lang='lat' dir='ltr'><strong>tenuit</strong></span> <span class='ocrx_word' id='word_1_26' title='bbox 1220 773 1375 876; x_wconf 80' lang='lat' dir='ltr'><strong>Boeotia³‚</strong></span> 
     </span>
     <span class='ocr_line' id='line_1_5' title="bbox 323 882 1375 990; baseline -0.001 -27"><span class='ocrx_word' id='word_1_27' title='bbox 323 893 442 963; x_wconf 89' lang='lat' dir='ltr'><strong>deinde</strong></span> <span class='ocrx_word' id='word_1_28' title='bbox 461 894 585 981; x_wconf 85' lang='lat' dir='ltr'><strong>Sicilia,</strong></span> <span class='ocrx_word' id='word_1_29' title='bbox 602 919 681 964; x_wconf 85' lang='lat' dir='ltr'><strong>mox</strong></span> <span class='ocrx_word' id='word_1_30' title='bbox 697 895 811 964; x_wconf 82' lang='lat' dir='ltr'><strong>Africa</strong></span> <span class='ocrx_word' id='word_1_31' title='bbox 819 882 844 960; x_wconf 72' lang='lat'><strong>⁴.</strong></span> <span class='ocrx_word' id='word_1_32' title='bbox 865 895 1014 962; x_wconf 86' lang='lat' dir='ltr'><strong>Tertium</strong></span> <span class='ocrx_word' id='word_1_33' title='bbox 1033 894 1164 990; x_wconf 88' lang='lat' dir='ltr'><strong>pondus</strong></span> <span class='ocrx_word' id='word_1_34' title='bbox 1185 909 1256 964; x_wconf 86' lang='lat' dir='ltr'><strong>orat</strong></span> <span class='ocrx_word' id='word_1_35' title='bbox 1278 895 1375 964; x_wconf 87' lang='lat' dir='ltr'><strong>Thra·</strong></span> 
     </span>
     <span class='ocr_line' id='line_1_6' title="bbox 324 986 1374 1096; baseline -0.001 -26"><span class='ocrx_word' id='word_1_36' title='bbox 324 1003 396 1086; x_wconf 88' lang='lat' dir='ltr'><strong>oio,</strong></span> <span class='ocrx_word' id='word_1_37' title='bbox 420 986 620 1096; x_wconf 85' lang='lat' dir='ltr'><strong>Syrioque⁵,</strong></span> <span class='ocrx_word' id='word_1_38' title='bbox 644 1001 764 1070; x_wconf 90' lang='lat' dir='ltr'><strong>deinde</strong></span> <span class='ocrx_word' id='word_1_39' title='bbox 796 1015 832 1070; x_wconf 90' lang='lat' dir='ltr'><strong>et</strong></span> <span class='ocrx_word' id='word_1_40' title='bbox 865 1001 1037 1095; x_wconf 81' lang='lat' dir='ltr'><strong>AEgyptio‚</strong></span> <span class='ocrx_word' id='word_1_41' title='bbox 1065 986 1284 1070; x_wconf 80' lang='lat' dir='ltr'><strong>athletarum⁶</strong></span> <span class='ocrx_word' id='word_1_42' title='bbox 1308 1025 1374 1070; x_wconf 90' lang='lat' dir='ltr'><strong>cum</strong></span> 
     </span>
     <span class='ocr_line' id='line_1_7' title="bbox 323 1106 1375 1203; baseline -0.002 -26"><span class='ocrx_word' id='word_1_43' title='bbox 323 1108 477 1192; x_wconf 80' lang='lat' dir='ltr'><strong>decreto,</strong></span> <span class='ocrx_word' id='word_1_44' title='bbox 501 1131 645 1202; x_wconf 91' lang='lat' dir='ltr'><strong>quorum</strong></span> <span class='ocrx_word' id='word_1_45' title='bbox 665 1109 827 1203; x_wconf 77' lang='lat' dir='ltr'><strong>capacitas</strong></span> <span class='ocrx_word' id='word_1_46' title='bbox 842 1107 1003 1201; x_wconf 86' lang='lat' dir='ltr'><strong>jumentis</strong></span> <span class='ocrx_word' id='word_1_47' title='bbox 1020 1106 1155 1191; x_wconf 83' lang='lat' dir='ltr'><strong>similis,</strong></span> <span class='ocrx_word' id='word_1_48' title='bbox 1180 1131 1279 1202; x_wconf 87' lang='lat' dir='ltr'><strong>quem</strong></span> <span class='ocrx_word' id='word_1_49' title='bbox 1301 1107 1375 1176; x_wconf 84' lang='lat' dir='ltr'><strong>disi·</strong></span> 
     </span>
     <span class='ocr_line' id='line_1_8' title="bbox 323 1212 1376 1299; baseline -0.003 -15"><span class='ocrx_word' id='word_1_50' title='bbox 323 1239 398 1284; x_wconf 88' lang='lat' dir='ltr'><strong>mus</strong></span> <span class='ocrx_word' id='word_1_51' title='bbox 420 1213 570 1282; x_wconf 83' lang='lat' dir='ltr'><strong>ordinem</strong></span> <span class='ocrx_word' id='word_1_52' title='bbox 605 1213 739 1284; x_wconf 84' lang='lat' dir='ltr'><strong>fecerat.</strong></span> <span class='ocrx_word' id='word_1_53' title='bbox 769 1213 927 1284; x_wconf 82' lang='lat' dir='ltr'><strong>Graecia⁷</strong></span> <span class='ocrx_word' id='word_1_54' title='bbox 958 1228 993 1282; x_wconf 88' lang='lat' dir='ltr'><strong>et</strong></span> <span class='ocrx_word' id='word_1_55' title='bbox 1020 1215 1196 1283; x_wconf 89' lang='lat' dir='ltr'><strong>Ponticum</strong></span> <span class='ocrx_word' id='word_1_56' title='bbox 1230 1212 1376 1299; x_wconf 83' lang='lat' dir='ltr'><strong>laudarit,</strong></span> 
     </span>
     <span class='ocr_line' id='line_1_9' title="bbox 289 1317 1376 1416; baseline 0 -28"><span class='ocrx_word' id='word_1_57' title='bbox 289 1320 413 1415; x_wconf 68' lang='lat' dir='ltr'><strong>equod</strong></span> <span class='ocrx_word' id='word_1_58' title='bbox 431 1322 465 1390; x_wconf 91' lang='lat' dir='ltr'><strong>in</strong></span> <span class='ocrx_word' id='word_1_59' title='bbox 485 1317 615 1390; x_wconf 88' lang='lat' dir='ltr'><strong>ltaliam</strong></span> <span class='ocrx_word' id='word_1_60' title='bbox 641 1345 707 1390; x_wconf 90' lang='lat' dir='ltr'><strong>uon</strong></span> <span class='ocrx_word' id='word_1_61' title='bbox 732 1322 893 1414; x_wconf 82' lang='lat' dir='ltr'><strong>pervenit.</strong></span> <span class='ocrx_word' id='word_1_62' title='bbox 918 1322 970 1388; x_wconf 83' lang='lat' dir='ltr'><strong>Ex</strong></span> <span class='ocrx_word' id='word_1_63' title='bbox 998 1322 1092 1390; x_wconf 85' lang='lat' dir='ltr'><strong>omni</strong></span> <span class='ocrx_word' id='word_1_64' title='bbox 1123 1320 1240 1389; x_wconf 87' lang='lat' dir='ltr'><strong>eadem</strong></span> <span class='ocrx_word' id='word_1_65' title='bbox 1271 1343 1376 1416; x_wconf 77' lang='lat' dir='ltr'><strong>genere</strong></span> 
     </span>
    </p>
   </div>
   <div class='ocr_carea' id='block_1_3' title="bbox 212 1527 1377 4156">
    <p class='ocr_par' dir='ltr' id='par_1_3' title="bbox 212 1527 1377 4156">
     <span class='ocr_line' id='line_1_10' title="bbox 321 1527 1377 1602; baseline -0.001 -19"><span class='ocrx_word' id='word_1_66' title='bbox 321 1549 374 1583; x_wconf 82' lang='lat' dir='ltr'><strong>enm</strong></span> <span class='ocrx_word' id='word_1_67' title='bbox 394 1531 507 1583; x_wconf 85' lang='lat' dir='ltr'><strong>ltalr&#39;enm</strong></span> <span class='ocrx_word' id='word_1_68' title='bbox 531 1527 699 1602; x_wconf 65' lang='lat' dir='ltr'><strong>Suppeditant</strong></span> <span class='ocrx_word' id='word_1_69' title='bbox 719 1547 834 1585; x_wconf 81' lang='lat' dir='ltr'><strong>crrrnrs.</strong></span> <span class='ocrx_word' id='word_1_70' title='bbox 879 1527 1306 1602; x_wconf 80' lang='lat' dir='ltr'><strong>manere,calsruumquetenuem</strong></span> <span class='ocrx_word' id='word_1_71' title='bbox 1314 1528 1377 1582; x_wconf 83' lang='lat' dir='ltr'><strong>emit·</strong></span> 
     </span>
     <span class='ocr_line' id='line_1_11' title="bbox 322 1608 1376 1682; baseline -0.003 -19"><span class='ocrx_word' id='word_1_72' title='bbox 322 1609 451 1682; x_wconf 82' lang='lat' dir='ltr'><strong>Alioquin</strong></span> <span class='ocrx_word' id='word_1_73' title='bbox 480 1610 573 1663; x_wconf 86' lang='lat' dir='ltr'><strong>titulus</strong></span> <span class='ocrx_word' id='word_1_74' title='bbox 601 1627 655 1662; x_wconf 87' lang='lat' dir='ltr'><strong>non</strong></span> <span class='ocrx_word' id='word_1_75' title='bbox 681 1609 837 1663; x_wconf 86' lang='lat' dir='ltr'><strong>conveniret</strong></span> <span class='ocrx_word' id='word_1_76' title='bbox 878 1619 935 1661; x_wconf 90' lang='lat' dir='ltr'><strong>tere</strong></span> <span class='ocrx_word' id='word_1_77' title='bbox 943 1608 1043 1662; x_wconf 82' lang='lat' dir='ltr'><strong>scribit.</strong></span> <span class='ocrx_word' id='word_1_78' title='bbox 1052 1609 1127 1662; x_wconf 88' lang='lat' dir='ltr'><strong>Idem</strong></span> <span class='ocrx_word' id='word_1_79' title='bbox 1139 1609 1376 1672; x_wconf 61' lang='lat' dir='ltr'><strong>samothraciam,</strong></span> 
     </span>
     <span class='ocr_line' id='line_1_12' title="bbox 322 1688 1374 1761; baseline -0.003 -17"><span class='ocrx_word' id='word_1_80' title='bbox 322 1707 384 1744; x_wconf 85' lang='lat' dir='ltr'><strong>cum</strong></span> <span class='ocrx_word' id='word_1_81' title='bbox 397 1701 569 1761; x_wconf 74' lang='lat' dir='ltr'><strong>argumento,</strong></span> <span class='ocrx_word' id='word_1_82' title='bbox 591 1689 647 1742; x_wconf 79' lang='lat' dir='ltr'><strong>site</strong></span> <span class='ocrx_word' id='word_1_83' title='bbox 659 1689 773 1761; x_wconf 77' lang='lat' dir='ltr'><strong>pictura.</strong></span> <span class='ocrx_word' id='word_1_84' title='bbox 790 1688 836 1740; x_wconf 79' lang='lat' dir='ltr'><strong>tt·</strong></span> <span class='ocrx_word' id='word_1_85' title='bbox 879 1688 1005 1761; x_wconf 79' lang='lat' dir='ltr'><strong>Syrium,</strong></span> <span class='ocrx_word' id='word_1_86' title='bbox 1018 1688 1226 1742; x_wconf 79' lang='lat' dir='ltr'><strong>Alexandrinum</strong></span> <span class='ocrx_word' id='word_1_87' title='bbox 1246 1701 1374 1750; x_wconf 80' lang='lat' dir='ltr'><strong>memoret,</strong></span> 
     </span>
     <span class='ocr_line' id='line_1_13' title="bbox 322 1768 1374 1842; baseline -0.002 -18"><span class='ocrx_word' id='word_1_88' title='bbox 322 1771 404 1824; x_wconf 88' lang='lat' dir='ltr'><strong>terius</strong></span> <span class='ocrx_word' id='word_1_89' title='bbox 412 1769 533 1832; x_wconf 87' lang='lat' dir='ltr'><strong>nummi,</strong></span> <span class='ocrx_word' id='word_1_90' title='bbox 547 1768 593 1842; x_wconf 88' lang='lat' dir='ltr'><strong>qui</strong></span> <span class='ocrx_word' id='word_1_91' title='bbox 603 1781 642 1821; x_wconf 85' lang='lat' dir='ltr'><strong>est</strong></span> <span class='ocrx_word' id='word_1_92' title='bbox 655 1770 746 1823; x_wconf 85' lang='lat' dir='ltr'><strong>Severi</strong></span> <span class='ocrx_word' id='word_1_93' title='bbox 757 1769 838 1822; x_wconf 79' lang='lat' dir='ltr'><strong>Alex·</strong></span> <span class='ocrx_word' id='word_1_94' title='bbox 879 1769 957 1822; x_wconf 89' lang='lat' dir='ltr'><strong>nulla</strong></span> <span class='ocrx_word' id='word_1_95' title='bbox 972 1768 1039 1822; x_wconf 80' lang='lat' dir='ltr'><strong>fucta</strong></span> <span class='ocrx_word' id='word_1_96' title='bbox 1051 1769 1094 1820; x_wconf 82' lang='lat' dir='ltr'><strong>vel</strong></span> <span class='ocrx_word' id='word_1_97' title='bbox 1107 1769 1233 1823; x_wconf 84' lang='lat' dir='ltr'><strong>honitatis</strong></span> <span class='ocrx_word' id='word_1_98' title='bbox 1242 1769 1374 1828; x_wconf 85' lang='lat' dir='ltr'><strong>mentione.</strong></span> 
     </span>
     <span class='ocr_line' id='line_1_14' title="bbox 323 1847 1154 1920; baseline 0 -17"><span class='ocrx_word' id='word_1_99' title='bbox 323 1851 414 1913; x_wconf 85' lang='lat' dir='ltr'><strong>sutlri,</strong></span> <span class='ocrx_word' id='word_1_100' title='bbox 427 1849 590 1920; x_wconf 72' lang='lat' dir='ltr'><strong>ingeniosior</strong></span> <span class='ocrx_word' id='word_1_101' title='bbox 602 1848 838 1920; x_wconf 81' lang='lat' dir='ltr'><strong>eliquentoiuscri·</strong></span> <span class='ocrx_word' id='word_1_102' title='bbox 880 1848 923 1902; x_wconf 80' lang='lat' dir='ltr'><strong>rel</strong></span> <span class='ocrx_word' id='word_1_103' title='bbox 936 1847 1072 1918; x_wconf 87' lang='lat' dir='ltr'><strong>ponderis.</strong></span> <span class='ocrx_word' id='word_1_104' title='bbox 1085 1851 1154 1903; x_wconf 80' lang='lat' dir='ltr'><strong>Dar..</strong></span> 
     </span>
     <span class='ocr_line' id='line_1_15' title="bbox 323 1927 1375 2002; baseline -0.004 -19"><span class='ocrx_word' id='word_1_105' title='bbox 323 1930 383 2002; x_wconf 92' lang='lat' dir='ltr'><strong>ptio</strong></span> <span class='ocrx_word' id='word_1_106' title='bbox 405 1941 459 1987; x_wconf 81' lang='lat' dir='ltr'><strong>est,</strong></span> <span class='ocrx_word' id='word_1_107' title='bbox 481 1947 515 1982; x_wconf 85' lang='lat' dir='ltr'><strong>st.</strong></span> <span class='ocrx_word' id='word_1_108' title='bbox 540 1946 635 1981; x_wconf 75' lang='lat' dir='ltr'><strong>avant.</strong></span> <span class='ocrx_word' id='word_1_109' title='bbox 662 1947 837 1982; x_wconf 75' lang='lat' dir='ltr'><strong>anaxarnan.</strong></span> <span class='ocrx_word' id='word_1_110' title='bbox 922 1928 948 1981; x_wconf 83' lang='lat'><strong>5.</strong></span> <span class='ocrx_word' id='word_1_111' title='bbox 965 1927 1092 2000; x_wconf 79' lang='lat' dir='ltr'><strong>Syriaque.</strong></span> <span class='ocrx_word' id='word_1_112' title='bbox 1106 1929 1199 1982; x_wconf 77' lang='lat' dir='ltr'><strong>Defuit</strong></span> <span class='ocrx_word' id='word_1_113' title='bbox 1217 1948 1286 1982; x_wconf 79' lang='lat' dir='ltr'><strong>anno</strong></span> <span class='ocrx_word' id='word_1_114' title='bbox 1296 1928 1375 1980; x_wconf 85' lang='lat' dir='ltr'><strong>unuin</strong></span> 
     </span>
     <span class='ocr_line' id='line_1_16' title="bbox 323 1998 1376 2080; baseline -0.005 -17"><span class='ocrx_word' id='word_1_115' title='bbox 323 2029 395 2063; x_wconf 75' lang='lat' dir='ltr'><strong>cies.</strong></span> <span class='ocrx_word' id='word_1_116' title='bbox 407 2010 494 2080; x_wconf 87' lang='lat' dir='ltr'><strong>Caput</strong></span> <span class='ocrx_word' id='word_1_117' title='bbox 505 1998 649 2076; x_wconf 60' lang='lat' dir='ltr'><strong>nudamit.</strong></span> <span class='ocrx_word' id='word_1_118' title='bbox 661 2009 767 2062; x_wconf 83' lang='lat' dir='ltr'><strong>Corone</strong></span> <span class='ocrx_word' id='word_1_119' title='bbox 780 2011 838 2064; x_wconf 81' lang='lat' dir='ltr'><strong>lau·</strong></span> <span class='ocrx_word' id='word_1_120' title='bbox 881 2007 973 2078; x_wconf 79' lang='lat' dir='ltr'><strong>Syria,</strong></span> <span class='ocrx_word' id='word_1_121' title='bbox 986 2027 1070 2080; x_wconf 89' lang='lat' dir='ltr'><strong>quum</strong></span> <span class='ocrx_word' id='word_1_122' title='bbox 1084 2011 1152 2080; x_wconf 74' lang='lat' dir='ltr'><strong>agris</strong></span> <span class='ocrx_word' id='word_1_123' title='bbox 1165 2007 1331 2062; x_wconf 83' lang='lat' dir='ltr'><strong>Sidoniorum</strong></span> <span class='ocrx_word' id='word_1_124' title='bbox 1344 2025 1376 2058; x_wconf 87' lang='lat' dir='ltr'><strong>se·</strong></span> 
     </span>
     <span class='ocr_line' id='line_1_17' title="bbox 324 2086 1376 2161; baseline -0.004 -19"><span class='ocrx_word' id='word_1_125' title='bbox 324 2107 384 2148; x_wconf 87' lang='lat' dir='ltr'><strong>res,</strong></span> <span class='ocrx_word' id='word_1_126' title='bbox 401 2090 429 2142; x_wconf 88' lang='lat' dir='ltr'><strong>in</strong></span> <span class='ocrx_word' id='word_1_127' title='bbox 445 2105 498 2160; x_wconf 80' lang='lat' dir='ltr'><strong>qua</strong></span> <span class='ocrx_word' id='word_1_128' title='bbox 512 2089 538 2141; x_wconf 86' lang='lat' dir='ltr'><strong>S.</strong></span> <span class='ocrx_word' id='word_1_129' title='bbox 554 2087 625 2153; x_wconf 66' lang='lat' dir='ltr'><strong>RQ.</strong></span> <span class='ocrx_word' id='word_1_130' title='bbox 638 2089 670 2142; x_wconf 85' lang='lat' dir='ltr'><strong>tt.</strong></span> <span class='ocrx_word' id='word_1_131' title='bbox 680 2087 755 2142; x_wconf 83' lang='lat' dir='ltr'><strong>Hanc</strong></span> <span class='ocrx_word' id='word_1_132' title='bbox 766 2100 839 2143; x_wconf 86' lang='lat' dir='ltr'><strong>tenet</strong></span> <span class='ocrx_word' id='word_1_133' title='bbox 880 2086 971 2141; x_wconf 82' lang='lat' dir='ltr'><strong>rendis</strong></span> <span class='ocrx_word' id='word_1_134' title='bbox 980 2090 1099 2142; x_wconf 84' lang='lat' dir='ltr'><strong>triticum</strong></span> <span class='ocrx_word' id='word_1_135' title='bbox 1113 2087 1291 2161; x_wconf 73' lang='lat' dir='ltr'><strong>suppeditavit</strong></span> <span class='ocrx_word' id='word_1_136' title='bbox 1306 2089 1376 2139; x_wconf 78' lang='lat' dir='ltr'><strong>Into-</strong></span> 
     </span>
     <span class='ocr_line' id='line_1_18' title="bbox 324 2167 1376 2241; baseline -0.003 -19"><span class='ocrx_word' id='word_1_137' title='bbox 324 2170 420 2241; x_wconf 74' lang='lat' dir='ltr'><strong>Aquila</strong></span> <span class='ocrx_word' id='word_1_138' title='bbox 444 2169 573 2222; x_wconf 81' lang='lat' dir='ltr'><strong>Romana.</strong></span> <span class='ocrx_word' id='word_1_139' title='bbox 590 2168 623 2221; x_wconf 89' lang='lat' dir='ltr'><strong>In</strong></span> <span class='ocrx_word' id='word_1_140' title='bbox 638 2168 769 2234; x_wconf 82' lang='lat' dir='ltr'><strong>circuita,</strong></span> <span class='ocrx_word' id='word_1_141' title='bbox 782 2187 839 2222; x_wconf 82' lang='lat' dir='ltr'><strong>rra·</strong></span> <span class='ocrx_word' id='word_1_142' title='bbox 880 2167 1376 2241; x_wconf 75' lang='lat' dir='ltr'><strong>niusSerernsAugnstostqusmohren</strong></span> 
     </span>
     <span class='ocr_line' id='line_1_19' title="bbox 324 2247 1377 2320; baseline -0.005 -18"><span class='ocrx_word' id='word_1_143' title='bbox 324 2267 466 2302; x_wconf 69' lang='lat' dir='ltr'><strong>mucronis.</strong></span> <span class='ocrx_word' id='word_1_144' title='bbox 480 2249 538 2302; x_wconf 82' lang='lat' dir='ltr'><strong>Hoc</strong></span> <span class='ocrx_word' id='word_1_145' title='bbox 549 2259 604 2312; x_wconf 89' lang='lat' dir='ltr'><strong>est,</strong></span> <span class='ocrx_word' id='word_1_146' title='bbox 620 2247 840 2318; x_wconf 78' lang='lat' dir='ltr'><strong>Marrificemirsima</strong></span> <span class='ocrx_word' id='word_1_147' title='bbox 880 2263 1034 2318; x_wconf 76' lang='lat' dir='ltr'><strong>percussere</strong></span> <span class='ocrx_word' id='word_1_148' title='bbox 1040 2250 1097 2320; x_wconf 82' lang='lat' dir='ltr'><strong>ejus</strong></span> <span class='ocrx_word' id='word_1_149' title='bbox 1105 2249 1202 2302; x_wconf 86' lang='lat' dir='ltr'><strong>honori</strong></span> <span class='ocrx_word' id='word_1_150' title='bbox 1212 2262 1377 2302; x_wconf 79' lang='lat' dir='ltr'><strong>nummnmex</strong></span> 
     </span>
     <span class='ocr_line' id='line_1_20' title="bbox 325 2326 1377 2401; baseline -0.006 -19"><span class='ocrx_word' id='word_1_151' title='bbox 325 2329 440 2400; x_wconf 66' lang='lat' dir='ltr'><strong>Erngato</strong></span> <span class='ocrx_word' id='word_1_152' title='bbox 454 2329 546 2381; x_wconf 73' lang='lat' dir='ltr'><strong>Tritia-o</strong></span> <span class='ocrx_word' id='word_1_153' title='bbox 556 2329 673 2380; x_wconf 84' lang='lat' dir='ltr'><strong>Ilomarror</strong></span> <span class='ocrx_word' id='word_1_154' title='bbox 684 2329 770 2393; x_wconf 74' lang='lat' dir='ltr'><strong>Plebi,</strong></span> <span class='ocrx_word' id='word_1_155' title='bbox 779 2329 840 2382; x_wconf 84' lang='lat' dir='ltr'><strong>Om·</strong></span> <span class='ocrx_word' id='word_1_156' title='bbox 881 2344 933 2379; x_wconf 68' lang='lat' dir='ltr'><strong>ere</strong></span> <span class='ocrx_word' id='word_1_157' title='bbox 944 2347 1057 2398; x_wconf 72' lang='lat' dir='ltr'><strong>magno,</strong></span> <span class='ocrx_word' id='word_1_158' title='bbox 1070 2329 1117 2401; x_wconf 86' lang='lat' dir='ltr'><strong>qul</strong></span> <span class='ocrx_word' id='word_1_159' title='bbox 1129 2341 1168 2381; x_wconf 83' lang='lat' dir='ltr'><strong>est</strong></span> <span class='ocrx_word' id='word_1_160' title='bbox 1181 2329 1211 2381; x_wconf 89' lang='lat' dir='ltr'><strong>ln</strong></span> <span class='ocrx_word' id='word_1_161' title='bbox 1232 2327 1337 2382; x_wconf 77' lang='lat' dir='ltr'><strong>cimelia</strong></span> <span class='ocrx_word' id='word_1_162' title='bbox 1348 2326 1377 2377; x_wconf 84' lang='lat' dir='ltr'><strong>D.</strong></span> 
     </span>
     <span class='ocr_line' id='line_1_21' title="bbox 325 2408 1375 2480; baseline -0.006 -18"><span class='ocrx_word' id='word_1_163' title='bbox 325 2413 391 2462; x_wconf 78' lang='lat' dir='ltr'><strong>aium</strong></span> <span class='ocrx_word' id='word_1_164' title='bbox 407 2409 586 2462; x_wconf 75' lang='lat' dir='ltr'><strong>Liberalitatem</strong></span> <span class='ocrx_word' id='word_1_165' title='bbox 609 2410 781 2480; x_wconf 79' lang='lat' dir='ltr'><strong>Imperatorum</strong></span> <span class='ocrx_word' id='word_1_166' title='bbox 793 2409 841 2462; x_wconf 84' lang='lat' dir='ltr'><strong>So·</strong></span> <span class='ocrx_word' id='word_1_167' title='bbox 881 2424 919 2460; x_wconf 80' lang='lat' dir='ltr'><strong>nn</strong></span> <span class='ocrx_word' id='word_1_168' title='bbox 933 2408 1020 2472; x_wconf 79' lang='lat' dir='ltr'><strong>Boas,</strong></span> <span class='ocrx_word' id='word_1_169' title='bbox 1042 2409 1096 2461; x_wconf 89' lang='lat' dir='ltr'><strong>hoc</strong></span> <span class='ocrx_word' id='word_1_170' title='bbox 1119 2409 1217 2461; x_wconf 89' lang='lat' dir='ltr'><strong>titulo:</strong></span> <span class='ocrx_word' id='word_1_171' title='bbox 1233 2422 1375 2460; x_wconf 79' lang='lat' dir='ltr'><strong>marm.</strong></span> 
     </span>
     <span class='ocr_line' id='line_1_22' title="bbox 322 2482 1375 2558; baseline -0.003 -18"><span class='ocrx_word' id='word_1_172' title='bbox 322 2493 433 2558; x_wconf 79' lang='lat' dir='ltr'><strong>perurit,</strong></span> <span class='ocrx_word' id='word_1_173' title='bbox 448 2489 548 2543; x_wconf 87' lang='lat' dir='ltr'><strong>scilicet</strong></span> <span class='ocrx_word' id='word_1_174' title='bbox 571 2488 658 2543; x_wconf 77' lang='lat' dir='ltr'><strong>Cesar</strong></span> <span class='ocrx_word' id='word_1_175' title='bbox 680 2489 839 2543; x_wconf 78' lang='lat' dir='ltr'><strong>Alexander.</strong></span> <span class='ocrx_word' id='word_1_176' title='bbox 881 2504 1063 2541; x_wconf 72' lang='lat' dir='ltr'><strong>enutrietur.</strong></span> <span class='ocrx_word' id='word_1_177' title='bbox 1075 2506 1128 2541; x_wconf 75' lang='lat' dir='ltr'><strong>ern.</strong></span> <span class='ocrx_word' id='word_1_178' title='bbox 1144 2507 1208 2543; x_wconf 81' lang='lat' dir='ltr'><strong>nar.</strong></span> <span class='ocrx_word' id='word_1_179' title='bbox 1219 2489 1277 2541; x_wconf 81' lang='lat' dir='ltr'><strong>Hoc</strong></span> <span class='ocrx_word' id='word_1_180' title='bbox 1287 2500 1334 2550; x_wconf 83' lang='lat' dir='ltr'><strong>est,</strong></span> <span class='ocrx_word' id='word_1_181' title='bbox 1343 2482 1375 2537; x_wconf 73' lang='lat' dir='ltr'><strong>S·</strong></span> 
     </span>
     <span class='ocr_line' id='line_1_23' title="bbox 326 2567 1375 2640; baseline -0.004 -18"><span class='ocrx_word' id='word_1_182' title='bbox 326 2570 374 2622; x_wconf 86' lang='lat' dir='ltr'><strong>Est</strong></span> <span class='ocrx_word' id='word_1_183' title='bbox 384 2569 428 2622; x_wconf 89' lang='lat' dir='ltr'><strong>hic</strong></span> <span class='ocrx_word' id='word_1_184' title='bbox 441 2585 581 2632; x_wconf 83' lang='lat' dir='ltr'><strong>nummus,</strong></span> <span class='ocrx_word' id='word_1_185' title='bbox 592 2580 623 2620; x_wconf 91' lang='lat' dir='ltr'><strong>ut</strong></span> <span class='ocrx_word' id='word_1_186' title='bbox 638 2570 727 2640; x_wconf 89' lang='lat' dir='ltr'><strong>prior,</strong></span> <span class='ocrx_word' id='word_1_187' title='bbox 743 2588 840 2640; x_wconf 73' lang='lat' dir='ltr'><strong>orgen-</strong></span> <span class='ocrx_word' id='word_1_188' title='bbox 881 2567 962 2619; x_wconf 69' lang='lat' dir='ltr'><strong>doniis</strong></span> <span class='ocrx_word' id='word_1_189' title='bbox 976 2567 1067 2620; x_wconf 73' lang='lat' dir='ltr'><strong>datam</strong></span> <span class='ocrx_word' id='word_1_190' title='bbox 1080 2569 1179 2638; x_wconf 78' lang='lat' dir='ltr'><strong>implet</strong></span> <span class='ocrx_word' id='word_1_191' title='bbox 1190 2568 1293 2621; x_wconf 81' lang='lat' dir='ltr'><strong>nummi</strong></span> <span class='ocrx_word' id='word_1_192' title='bbox 1305 2581 1375 2618; x_wconf 79' lang='lat' dir='ltr'><strong>erran</strong></span> 
     </span>
     <span class='ocr_line' id='line_1_24' title="bbox 326 2645 1376 2720; baseline -0.003 -19"><span class='ocrx_word' id='word_1_193' title='bbox 326 2659 400 2716; x_wconf 90' lang='lat' dir='ltr'><strong>teus,</strong></span> <span class='ocrx_word' id='word_1_194' title='bbox 410 2647 482 2720; x_wconf 78' lang='lat' dir='ltr'><strong>apud</strong></span> <span class='ocrx_word' id='word_1_195' title='bbox 494 2647 628 2701; x_wconf 87' lang='lat' dir='ltr'><strong>Occonem</strong></span> <span class='ocrx_word' id='word_1_196' title='bbox 638 2687 646 2714; x_wconf 92' lang='lat'>,</span> <span class='ocrx_word' id='word_1_197' title='bbox 656 2667 716 2720; x_wconf 73' lang='lat' dir='ltr'><strong>pag.</strong></span> <span class='ocrx_word' id='word_1_198' title='bbox 730 2655 793 2718; x_wconf 72' lang='lat'><strong>⁴⁰9·</strong></span> <span class='ocrx_word' id='word_1_199' title='bbox 803 2650 840 2704; x_wconf 83' lang='lat' dir='ltr'><strong>tt.</strong></span> <span class='ocrx_word' id='word_1_200' title='bbox 882 2645 1003 2712; x_wconf 83' lang='lat' dir='ltr'><strong>modius,</strong></span> <span class='ocrx_word' id='word_1_201' title='bbox 1016 2665 1094 2719; x_wconf 80' lang='lat' dir='ltr'><strong>equo</strong></span> <span class='ocrx_word' id='word_1_202' title='bbox 1107 2649 1189 2719; x_wconf 77' lang='lat' dir='ltr'><strong>spica</strong></span> <span class='ocrx_word' id='word_1_203' title='bbox 1199 2648 1318 2701; x_wconf 81' lang='lat' dir='ltr'><strong>emicent</strong></span> <span class='ocrx_word' id='word_1_204' title='bbox 1325 2645 1376 2697; x_wconf 81' lang='lat' dir='ltr'><strong>Pus</strong></span> 
     </span>
     <span class='ocr_line' id='line_1_25' title="bbox 369 2726 1376 2800; baseline -0.001 -19"><span class='ocrx_word' id='word_1_205' title='bbox 369 2749 394 2781; x_wconf 84' lang='lat' dir='ltr'><strong>a.</strong></span> <span class='ocrx_word' id='word_1_206' title='bbox 409 2730 439 2782; x_wconf 83' lang='lat' dir='ltr'><strong>In</strong></span> <span class='ocrx_word' id='word_1_207' title='bbox 451 2747 497 2800; x_wconf 79' lang='lat' dir='ltr'><strong>qao</strong></span> <span class='ocrx_word' id='word_1_208' title='bbox 505 2729 679 2799; x_wconf 65' lang='lat' dir='ltr'><strong>primitiarum,</strong></span> <span class='ocrx_word' id='word_1_209' title='bbox 693 2730 841 2783; x_wconf 86' lang='lat' dir='ltr'><strong>etc.The0·</strong></span> <span class='ocrx_word' id='word_1_210' title='bbox 881 2726 970 2798; x_wconf 82' lang='lat' dir='ltr'><strong>prior,</strong></span> <span class='ocrx_word' id='word_1_211' title='bbox 982 2746 1045 2781; x_wconf 88' lang='lat' dir='ltr'><strong>cum</strong></span> <span class='ocrx_word' id='word_1_212' title='bbox 1056 2728 1187 2781; x_wconf 79' lang='lat' dir='ltr'><strong>Antonini</strong></span> <span class='ocrx_word' id='word_1_213' title='bbox 1200 2729 1288 2781; x_wconf 82' lang='lat' dir='ltr'><strong>Severi</strong></span> <span class='ocrx_word' id='word_1_214' title='bbox 1297 2726 1376 2796; x_wconf 81' lang='lat' dir='ltr'><strong>cepitt,</strong></span> 
     </span>
     <span class='ocr_line' id='line_1_26' title="bbox 325 2806 1376 2880; baseline -0.004 -20"><span class='ocrx_word' id='word_1_215' title='bbox 325 2809 434 2880; x_wconf 80' lang='lat' dir='ltr'><strong>phrsstc</strong></span> <span class='ocrx_word' id='word_1_216' title='bbox 457 2825 489 2860; x_wconf 82' lang='lat' dir='ltr'><strong>er</strong></span> <span class='ocrx_word' id='word_1_217' title='bbox 512 2807 563 2870; x_wconf 88' lang='lat' dir='ltr'><strong>iis,</strong></span> <span class='ocrx_word' id='word_1_218' title='bbox 588 2826 647 2880; x_wconf 75' lang='lat' dir='ltr'><strong>qne</strong></span> <span class='ocrx_word' id='word_1_219' title='bbox 665 2810 692 2860; x_wconf 87' lang='lat' dir='ltr'><strong>in</strong></span> <span class='ocrx_word' id='word_1_220' title='bbox 709 2809 839 2862; x_wconf 76' lang='lat' dir='ltr'><strong>Graeciam</strong></span> <span class='ocrx_word' id='word_1_221' title='bbox 881 2806 932 2858; x_wconf 91' lang='lat' dir='ltr'><strong>hos</strong></span> <span class='ocrx_word' id='word_1_222' title='bbox 944 2807 1052 2860; x_wconf 85' lang='lat' dir='ltr'><strong>exhibet</strong></span> <span class='ocrx_word' id='word_1_223' title='bbox 1064 2808 1173 2860; x_wconf 77' lang='lat' dir='ltr'><strong>titulos:</strong></span> <span class='ocrx_word' id='word_1_224' title='bbox 1185 2825 1220 2861; x_wconf 80' lang='lat' dir='ltr'><strong>re.</strong></span> <span class='ocrx_word' id='word_1_225' title='bbox 1236 2812 1326 2860; x_wconf 72' lang='lat' dir='ltr'><strong>atsur„</strong></span> <span class='ocrx_word' id='word_1_226' title='bbox 1337 2821 1376 2856; x_wconf 81' lang='lat' dir='ltr'><strong>as·</strong></span> 
     </span>
     <span class='ocr_line' id='line_1_27' title="bbox 325 2885 1375 2959; baseline -0.005 -19"><span class='ocrx_word' id='word_1_227' title='bbox 325 2887 555 2951; x_wconf 75' lang='lat' dir='ltr'><strong>convehebantur,</strong></span> <span class='ocrx_word' id='word_1_228' title='bbox 570 2887 752 2959; x_wconf 70' lang='lat' dir='ltr'><strong>previssimum</strong></span> <span class='ocrx_word' id='word_1_229' title='bbox 766 2889 841 2942; x_wconf 86' lang='lat' dir='ltr'><strong>Sico-</strong></span> <span class='ocrx_word' id='word_1_230' title='bbox 881 2903 1000 2940; x_wconf 76' lang='lat' dir='ltr'><strong>rostrrs</strong></span> <span class='ocrx_word' id='word_1_231' title='bbox 1014 2903 1074 2941; x_wconf 80' lang='lat' dir='ltr'><strong>turs</strong></span> <span class='ocrx_word' id='word_1_232' title='bbox 1087 2905 1152 2941; x_wconf 82' lang='lat' dir='ltr'><strong>avo.</strong></span> <span class='ocrx_word' id='word_1_233' title='bbox 1167 2905 1233 2940; x_wconf 79' lang='lat' dir='ltr'><strong>roo.</strong></span> <span class='ocrx_word' id='word_1_234' title='bbox 1247 2905 1311 2940; x_wconf 71' lang='lat' dir='ltr'><strong>mex.</strong></span> <span class='ocrx_word' id='word_1_235' title='bbox 1325 2885 1375 2936; x_wconf 85' lang='lat' dir='ltr'><strong>Per·</strong></span> 
     </span>
     <span class='ocr_line' id='line_1_28' title="bbox 325 2965 1375 3038; baseline -0.004 -18"><span class='ocrx_word' id='word_1_236' title='bbox 325 2967 382 3020; x_wconf 88' lang='lat' dir='ltr'><strong>lum</strong></span> <span class='ocrx_word' id='word_1_237' title='bbox 397 2967 462 3022; x_wconf 84' lang='lat' dir='ltr'><strong>luit:</strong></span> <span class='ocrx_word' id='word_1_238' title='bbox 471 2985 504 3021; x_wconf 90' lang='lat' dir='ltr'><strong>eo</strong></span> <span class='ocrx_word' id='word_1_239' title='bbox 517 2980 606 3020; x_wconf 83' lang='lat' dir='ltr'><strong>tamen</strong></span> <span class='ocrx_word' id='word_1_240' title='bbox 621 2968 727 3038; x_wconf 80' lang='lat' dir='ltr'><strong>gravius</strong></span> <span class='ocrx_word' id='word_1_241' title='bbox 742 2969 840 3022; x_wconf 77' lang='lat' dir='ltr'><strong>Boeoti·</strong></span> <span class='ocrx_word' id='word_1_242' title='bbox 882 2967 959 3018; x_wconf 63' lang='lat' dir='ltr'><strong>etiem</strong></span> <span class='ocrx_word' id='word_1_243' title='bbox 973 2967 1130 3021; x_wconf 77' lang='lat' dir='ltr'><strong>Britannicas</strong></span> <span class='ocrx_word' id='word_1_244' title='bbox 1144 2965 1375 3022; x_wconf 76' lang='lat' dir='ltr'><strong>Germanircrdlari·</strong></span> 
     </span>
     <span class='ocr_line' id='line_1_29' title="bbox 326 3046 1049 3120; baseline 0.001 -21"><span class='ocrx_word' id='word_1_245' title='bbox 326 3065 401 3112; x_wconf 81' lang='lat' dir='ltr'><strong>curn,</strong></span> <span class='ocrx_word' id='word_1_246' title='bbox 411 3048 664 3116; x_wconf 78' lang='lat' dir='ltr'><strong>releuargumentc,</strong></span> <span class='ocrx_word' id='word_1_247' title='bbox 674 3047 746 3120; x_wconf 87' lang='lat' dir='ltr'><strong>quod</strong></span> <span class='ocrx_word' id='word_1_248' title='bbox 756 3049 839 3102; x_wconf 84' lang='lat' dir='ltr'><strong>athle·</strong></span> <span class='ocrx_word' id='word_1_249' title='bbox 882 3065 942 3098; x_wconf 78' lang='lat' dir='ltr'><strong>mus.</strong></span> <span class='ocrx_word' id='word_1_250' title='bbox 956 3046 1049 3100; x_wconf 73' lang='lat' dir='ltr'><strong>Haeo.</strong></span> 
     </span>
     <span class='ocr_line' id='line_1_30' title="bbox 326 3126 1375 3198; baseline -0.002 -18"><span class='ocrx_word' id='word_1_251' title='bbox 326 3139 456 3198; x_wconf 74' lang='lat' dir='ltr'><strong>tequam</strong></span> <span class='ocrx_word' id='word_1_252' title='bbox 475 3127 519 3180; x_wconf 84' lang='lat' dir='ltr'><strong>vix</strong></span> <span class='ocrx_word' id='word_1_253' title='bbox 531 3127 560 3178; x_wconf 89' lang='lat' dir='ltr'><strong>in</strong></span> <span class='ocrx_word' id='word_1_254' title='bbox 573 3127 674 3180; x_wconf 81' lang='lat' dir='ltr'><strong>Boeotia</strong></span> <span class='ocrx_word' id='word_1_255' title='bbox 693 3141 747 3181; x_wconf 89' lang='lat' dir='ltr'><strong>tres</strong></span> <span class='ocrx_word' id='word_1_256' title='bbox 761 3130 839 3182; x_wconf 88' lang='lat' dir='ltr'><strong>semi·</strong></span> <span class='ocrx_word' id='word_1_257' title='bbox 923 3129 951 3180; x_wconf 83' lang='lat'><strong>6.</strong></span> <span class='ocrx_word' id='word_1_258' title='bbox 966 3127 1130 3181; x_wconf 77' lang='lat' dir='ltr'><strong>Athletarrrm.</strong></span> <span class='ocrx_word' id='word_1_259' title='bbox 1151 3127 1267 3181; x_wconf 79' lang='lat' dir='ltr'><strong>Athletis</strong></span> <span class='ocrx_word' id='word_1_260' title='bbox 1279 3126 1312 3180; x_wconf 86' lang='lat' dir='ltr'><strong>its</strong></span> <span class='ocrx_word' id='word_1_261' title='bbox 1324 3141 1375 3178; x_wconf 85' lang='lat' dir='ltr'><strong>ceu·</strong></span> 
     </span>
     <span class='ocr_line' id='line_1_31' title="bbox 326 3207 1376 3277; baseline 0.001 -19"><span class='ocrx_word' id='word_1_262' title='bbox 326 3207 452 3259; x_wconf 77' lang='lat' dir='ltr'><strong>sextarios</strong></span> <span class='ocrx_word' id='word_1_263' title='bbox 484 3219 693 3272; x_wconf 79' lang='lat' dir='ltr'><strong>consumerent.</strong></span> <span class='ocrx_word' id='word_1_264' title='bbox 725 3208 840 3262; x_wconf 80' lang='lat' dir='ltr'><strong>Athenis</strong></span> <span class='ocrx_word' id='word_1_265' title='bbox 881 3207 1017 3270; x_wconf 83' lang='lat' dir='ltr'><strong>sentibus,</strong></span> <span class='ocrx_word' id='word_1_266' title='bbox 1030 3223 1145 3277; x_wconf 86' lang='lat' dir='ltr'><strong>quorum</strong></span> <span class='ocrx_word' id='word_1_267' title='bbox 1156 3207 1376 3272; x_wconf 55' lang='lat' dir='ltr'><strong>edactmmeara</strong></span> 
     </span>
     <span class='ocr_line' id='line_1_32' title="bbox 325 3282 1375 3359; baseline -0.001 -22"><span class='ocrx_word' id='word_1_268' title='bbox 325 3285 387 3356; x_wconf 84' lang='lat' dir='ltr'><strong>plus</strong></span> <span class='ocrx_word' id='word_1_269' title='bbox 401 3303 481 3358; x_wconf 78' lang='lat' dir='ltr'><strong>quern</strong></span> <span class='ocrx_word' id='word_1_270' title='bbox 490 3285 609 3359; x_wconf 87' lang='lat' dir='ltr'><strong>quinque</strong></span> <span class='ocrx_word' id='word_1_271' title='bbox 617 3286 745 3339; x_wconf 82' lang='lat' dir='ltr'><strong>esitnhent</strong></span> <span class='ocrx_word' id='word_1_272' title='bbox 755 3325 763 3352; x_wconf 91' lang='lat'>,</span> <span class='ocrx_word' id='word_1_273' title='bbox 772 3289 839 3342; x_wconf 85' lang='lat' dir='ltr'><strong>Hist.</strong></span> <span class='ocrx_word' id='word_1_274' title='bbox 882 3287 977 3340; x_wconf 78' lang='lat' dir='ltr'><strong>recitas</strong></span> <span class='ocrx_word' id='word_1_275' title='bbox 986 3286 1093 3356; x_wconf 85' lang='lat' dir='ltr'><strong>potius,</strong></span> <span class='ocrx_word' id='word_1_276' title='bbox 1101 3289 1283 3357; x_wconf 85' lang='lat' dir='ltr'><strong>jumentorum</strong></span> <span class='ocrx_word' id='word_1_277' title='bbox 1293 3282 1375 3342; x_wconf 67' lang='lat' dir='ltr'><strong>simili.</strong></span> 
     </span>
     <span class='ocr_line' id='line_1_33' title="bbox 326 3363 1375 3437; baseline 0.002 -21"><span class='ocrx_word' id='word_1_278' title='bbox 326 3365 373 3418; x_wconf 88' lang='lat' dir='ltr'><strong>lib.</strong></span> <span class='ocrx_word' id='word_1_279' title='bbox 386 3366 469 3428; x_wconf 84' lang='lat' dir='ltr'>VIII,</span> <span class='ocrx_word' id='word_1_280' title='bbox 482 3383 540 3437; x_wconf 82' lang='lat' dir='ltr'><strong>esp.</strong></span> <span class='ocrx_word' id='word_1_281' title='bbox 556 3373 583 3429; x_wconf 71' lang='lat'><strong>4.</strong></span> <span class='ocrx_word' id='word_1_282' title='bbox 600 3367 667 3418; x_wconf 76' lang='lat' dir='ltr'><strong>Dar..</strong></span> <span class='ocrx_word' id='word_1_283' title='bbox 881 3363 955 3419; x_wconf 84' lang='lat' dir='ltr'><strong>hune</strong></span> <span class='ocrx_word' id='word_1_284' title='bbox 966 3383 1048 3437; x_wconf 85' lang='lat' dir='ltr'><strong>quem</strong></span> <span class='ocrx_word' id='word_1_285' title='bbox 1061 3365 1144 3418; x_wconf 90' lang='lat' dir='ltr'><strong>modo</strong></span> <span class='ocrx_word' id='word_1_286' title='bbox 1157 3365 1276 3420; x_wconf 83' lang='lat' dir='ltr'><strong>diximus</strong></span> <span class='ocrx_word' id='word_1_287' title='bbox 1289 3367 1375 3433; x_wconf 75' lang='lat' dir='ltr'><strong>tapoa</strong></span> 
     </span>
     <span class='ocr_line' id='line_1_34' title="bbox 368 3442 1374 3518; baseline -0.004 -20"><span class='ocrx_word' id='word_1_288' title='bbox 368 3448 394 3499; x_wconf 82' lang='lat'><strong>3.</strong></span> <span class='ocrx_word' id='word_1_289' title='bbox 416 3447 521 3498; x_wconf 75' lang='lat' dir='ltr'><strong>Bantia.</strong></span> <span class='ocrx_word' id='word_1_290' title='bbox 542 3445 681 3498; x_wconf 76' lang='lat' dir='ltr'><strong>consentit</strong></span> <span class='ocrx_word' id='word_1_291' title='bbox 699 3445 837 3518; x_wconf 91' lang='lat' dir='ltr'><strong>Theophr.</strong></span> <span class='ocrx_word' id='word_1_292' title='bbox 883 3443 948 3499; x_wconf 89' lang='lat' dir='ltr'><strong>dere</strong></span> <span class='ocrx_word' id='word_1_293' title='bbox 972 3447 1167 3499; x_wconf 77' lang='lat' dir='ltr'><strong>frumentorum</strong></span> <span class='ocrx_word' id='word_1_294' title='bbox 1181 3445 1301 3499; x_wconf 83' lang='lat' dir='ltr'><strong>ordinem</strong></span> <span class='ocrx_word' id='word_1_295' title='bbox 1318 3442 1374 3495; x_wconf 81' lang='lat' dir='ltr'><strong>feeit</strong></span> 
     </span>
     <span class='ocr_line' id='line_1_35' title="bbox 325 3523 1374 3596; baseline -0.001 -19"><span class='ocrx_word' id='word_1_296' title='bbox 325 3523 361 3578; x_wconf 86' lang='lat' dir='ltr'><strong>de</strong></span> <span class='ocrx_word' id='word_1_297' title='bbox 374 3525 454 3580; x_wconf 81' lang='lat' dir='ltr'><strong>Ceus.</strong></span> <span class='ocrx_word' id='word_1_298' title='bbox 463 3525 510 3577; x_wconf 92' lang='lat' dir='ltr'><strong>lih.</strong></span> <span class='ocrx_word' id='word_1_299' title='bbox 521 3525 572 3589; x_wconf 82' lang='lat' dir='ltr'><strong>IV,</strong></span> <span class='ocrx_word' id='word_1_300' title='bbox 583 3541 643 3595; x_wconf 81' lang='lat' dir='ltr'><strong>cap.</strong></span> <span class='ocrx_word' id='word_1_301' title='bbox 660 3543 694 3577; x_wconf 90' lang='lat' dir='ltr'><strong>ro</strong></span> <span class='ocrx_word' id='word_1_302' title='bbox 702 3565 710 3591; x_wconf 93' lang='lat'><em>,</em></span> <span class='ocrx_word' id='word_1_303' title='bbox 723 3545 750 3596; x_wconf 87' lang='lat' dir='ltr'><strong>p.</strong></span> <span class='ocrx_word' id='word_1_304' title='bbox 762 3527 838 3582; x_wconf 74' lang='lat' dir='ltr'><strong>drot</strong></span> <span class='ocrx_word' id='word_1_305' title='bbox 882 3524 1101 3596; x_wconf 76' lang='lat' dir='ltr'><strong>Theophrastus,</strong></span> <span class='ocrx_word' id='word_1_306' title='bbox 1123 3525 1192 3580; x_wconf 81' lang='lat' dir='ltr'><strong>Hist.</strong></span> <span class='ocrx_word' id='word_1_307' title='bbox 1207 3527 1257 3579; x_wconf 86' lang='lat' dir='ltr'><strong>lib.</strong></span> <span class='ocrx_word' id='word_1_308' title='bbox 1269 3524 1344 3586; x_wconf 82' lang='lat' dir='ltr'>VIII,</span> <span class='ocrx_word' id='word_1_309' title='bbox 1355 3539 1374 3572; x_wconf 79' lang='lat' dir='ltr'><strong>t·</strong></span> 
     </span>
     <span class='ocr_line' id='line_1_36' title="bbox 325 3598 1374 3676; baseline 0.004 -20"><span class='ocrx_word' id='word_1_310' title='bbox 325 3611 373 3658; x_wconf 79' lang='grc' dir='ltr'><strong>Τοῦ</strong></span> <span class='ocrx_word' id='word_1_311' title='bbox 386 3606 589 3675; x_wconf 55' lang='lat' dir='ltr'><strong>metaurum</strong></span> <span class='ocrx_word' id='word_1_312' title='bbox 600 3599 670 3658; x_wconf 73' lang='lat' dir='ltr'><strong>tamt</strong></span> <span class='ocrx_word' id='word_1_313' title='bbox 678 3610 721 3658; x_wconf 71' lang='grc' dir='ltr'><strong>τοῦ</strong></span> <span class='ocrx_word' id='word_1_314' title='bbox 730 3598 837 3669; x_wconf 67' lang='lat' dir='ltr'><strong>diritatis</strong></span> <span class='ocrx_word' id='word_1_315' title='bbox 885 3611 911 3668; x_wconf 71' lang='lat' dir='ltr'><strong>I.</strong></span> <span class='ocrx_word' id='word_1_316' title='bbox 924 3607 957 3658; x_wconf 87' lang='lat' dir='ltr'><strong>In</strong></span> <span class='ocrx_word' id='word_1_317' title='bbox 972 3606 1086 3669; x_wconf 71' lang='lat' dir='ltr'><strong>Bootis,</strong></span> <span class='ocrx_word' id='word_1_318' title='bbox 1097 3606 1197 3676; x_wconf 85' lang='lat' dir='ltr'><strong>inquit,</strong></span> <span class='ocrx_word' id='word_1_319' title='bbox 1215 3619 1302 3660; x_wconf 82' lang='lat' dir='ltr'><strong>ternos</strong></span> <span class='ocrx_word' id='word_1_320' title='bbox 1312 3599 1374 3672; x_wconf 65' lang='lat' dir='ltr'><strong>ml·</strong></span> 
     </span>
     <span class='ocr_line' id='line_1_37' title="bbox 324 3679 1374 3757; baseline -0.003 -19"><span class='ocrx_word' id='word_1_321' title='bbox 324 3687 527 3748; x_wconf 63' lang='lat' dir='ltr'><strong>aerumnam,</strong></span> <span class='ocrx_word' id='word_1_322' title='bbox 543 3685 555 3737; x_wconf 83' lang='lat' dir='ltr'><strong>&#39;a</strong></span> <span class='ocrx_word' id='word_1_323' title='bbox 569 3688 689 3747; x_wconf 72' lang='grc' dir='ltr'><strong>Σικελικὸς</strong></span> <span class='ocrx_word' id='word_1_324' title='bbox 707 3687 838 3757; x_wconf 75' lang='grc' dir='ltr'><strong>ἶσχυρότα-</strong></span> <span class='ocrx_word' id='word_1_325' title='bbox 881 3685 1007 3738; x_wconf 80' lang='lat' dir='ltr'><strong>sextarios</strong></span> <span class='ocrx_word' id='word_1_326' title='bbox 1018 3685 1100 3739; x_wconf 87' lang='lat' dir='ltr'><strong>tritici</strong></span> <span class='ocrx_word' id='word_1_327' title='bbox 1108 3687 1254 3739; x_wconf 80' lang='lat' dir='ltr'><strong>absumant</strong></span> <span class='ocrx_word' id='word_1_328' title='bbox 1264 3703 1271 3737; x_wconf 94' lang='lat'><strong>:</strong></span> <span class='ocrx_word' id='word_1_329' title='bbox 1283 3679 1374 3736; x_wconf 76' lang='lat' dir='ltr'><strong>artois</strong></span> 
     </span>
     <span class='ocr_line' id='line_1_38' title="bbox 323 3761 1292 3837; baseline -0.001 -21"><span class='ocrx_word' id='word_1_330' title='bbox 323 3783 364 3826; x_wconf 75' lang='lat' dir='ltr'><strong>ror</strong></span> <span class='ocrx_word' id='word_1_331' title='bbox 385 3761 463 3818; x_wconf 75' lang='lat' dir='ltr'><strong>siras·</strong></span> <span class='ocrx_word' id='word_1_332' title='bbox 492 3767 579 3818; x_wconf 65' lang='lat' dir='ltr'><strong>rotro</strong></span> <span class='ocrx_word' id='word_1_333' title='bbox 604 3761 631 3816; x_wconf 80' lang='lat' dir='ltr'><strong>d&#39;</strong></span> <span class='ocrx_word' id='word_1_334' title='bbox 651 3767 687 3818; x_wconf 78' lang='lat' dir='ltr'><strong>iri</strong></span> <span class='ocrx_word' id='word_1_335' title='bbox 705 3767 855 3837; x_wconf 62' lang='lat' dir='ltr'><strong>dspirspce‘</strong></span> <span class='ocrx_word' id='word_1_336' title='bbox 881 3765 979 3832; x_wconf 84' lang='lat' dir='ltr'><strong>Siculi,</strong></span> <span class='ocrx_word' id='word_1_337' title='bbox 994 3765 1070 3819; x_wconf 76' lang='lat' dir='ltr'><strong>facile</strong></span> <span class='ocrx_word' id='word_1_338' title='bbox 1083 3766 1188 3836; x_wconf 80' lang='lat' dir='ltr'><strong>quinos.</strong></span> <span class='ocrx_word' id='word_1_339' title='bbox 1203 3766 1292 3818; x_wconf 82' lang='lat' dir='ltr'><strong>Hnn.</strong></span> 
     </span>
     <span class='ocr_line' id='line_1_39' title="bbox 212 3841 1371 3917; baseline -0.002 -21"><span class='ocrx_word' id='word_1_340' title='bbox 212 3873 216 3880; x_wconf 95' lang='lat'>·</span> <span class='ocrx_word' id='word_1_341' title='bbox 323 3843 573 3914; x_wconf 65' lang='grc' dir='ltr'><strong>μῶλονὸΒοιότιος,</strong></span> <span class='ocrx_word' id='word_1_342' title='bbox 587 3845 671 3917; x_wconf 73' lang='grc' dir='ltr'>ὥσπερ</span> <span class='ocrx_word' id='word_1_343' title='bbox 684 3849 706 3898; x_wconf 81' lang='lat' dir='ltr'><strong>lr</strong></span> <span class='ocrx_word' id='word_1_344' title='bbox 722 3848 837 3908; x_wconf 66' lang='lat' dir='ltr'><strong>reicies·</strong></span> <span class='ocrx_word' id='word_1_345' title='bbox 921 3863 948 3915; x_wconf 91' lang='lat'><strong>7.</strong></span> <span class='ocrx_word' id='word_1_346' title='bbox 966 3846 1067 3900; x_wconf 71' lang='lat' dir='ltr'><strong>Graecia</strong></span> <span class='ocrx_word' id='word_1_347' title='bbox 1086 3856 1111 3897; x_wconf 92' lang='lat' dir='ltr'><strong>et</strong></span> <span class='ocrx_word' id='word_1_348' title='bbox 1132 3845 1256 3898; x_wconf 74' lang='lat' dir='ltr'><strong>Ponticum</strong></span> <span class='ocrx_word' id='word_1_349' title='bbox 1274 3841 1371 3894; x_wconf 62' lang='lat' dir='ltr'><strong>amant</strong></span> 
     </span>
     <span class='ocr_line' id='line_1_40' title="bbox 321 3923 1371 3996; baseline -0.001 -18"><span class='ocrx_word' id='word_1_350' title='bbox 321 3925 382 3992; x_wconf 70' lang='lat' dir='ltr'><strong>piare</strong></span> <span class='ocrx_word' id='word_1_351' title='bbox 399 3925 502 3995; x_wconf 70' lang='grc' dir='ltr'><strong>εἴρηται.</strong></span> <span class='ocrx_word' id='word_1_352' title='bbox 517 3924 608 3978; x_wconf 78' lang='lat' dir='ltr'><strong>Hanc.</strong></span> <span class='ocrx_word' id='word_1_353' title='bbox 880 3925 1021 3979; x_wconf 86' lang='lat' dir='ltr'><strong>Ponticum</strong></span> <span class='ocrx_word' id='word_1_354' title='bbox 1033 3925 1221 3996; x_wconf 75' lang='lat' dir='ltr'><strong>Theophrasto</strong></span> <span class='ocrx_word' id='word_1_355' title='bbox 1230 3923 1371 3978; x_wconf 66' lang='lat' dir='ltr'><strong>teritum</strong></span> 
     </span>
     <span class='ocr_line' id='line_1_41' title="bbox 363 3994 1372 4076; baseline -0.004 -19"><span class='ocrx_word' id='word_1_356' title='bbox 363 4011 389 4069; x_wconf 74' lang='grc'><strong>4.</strong></span> <span class='ocrx_word' id='word_1_357' title='bbox 407 4005 469 4057; x_wconf 77' lang='lat' dir='ltr'><strong>Mor</strong></span> <span class='ocrx_word' id='word_1_358' title='bbox 483 4003 583 4070; x_wconf 80' lang='lat' dir='ltr'><strong>Africa.</strong></span> <span class='ocrx_word' id='word_1_359' title='bbox 605 4005 739 4076; x_wconf 83' lang='lat' dir='ltr'><strong>Libycum</strong></span> <span class='ocrx_word' id='word_1_360' title='bbox 756 4020 834 4061; x_wconf 77' lang='lat' dir='ltr'><strong>vocat</strong></span> <span class='ocrx_word' id='word_1_361' title='bbox 879 4019 930 4070; x_wconf 86' lang='lat' dir='ltr'><strong>est,</strong></span> <span class='ocrx_word' id='word_1_362' title='bbox 946 4005 1174 4070; x_wconf 77' lang='lat' dir='ltr'><strong>ttin.tib.vl11,</strong></span> <span class='ocrx_word' id='word_1_363' title='bbox 1191 4023 1249 4076; x_wconf 83' lang='lat' dir='ltr'><strong>cap.</strong></span> <span class='ocrx_word' id='word_1_364' title='bbox 1263 4009 1294 4069; x_wconf 72' lang='grc'><strong>4,</strong></span> <span class='ocrx_word' id='word_1_365' title='bbox 1309 4012 1332 4053; x_wconf 85' lang='lat' dir='ltr'><strong>et</strong></span> <span class='ocrx_word' id='word_1_366' title='bbox 1344 3994 1372 4048; x_wconf 84' lang='lat' dir='ltr'><strong>dt</strong></span> 
     </span>
     <span class='ocr_line' id='line_1_42' title="bbox 321 4084 1319 4156; baseline 0.001 -20"><span class='ocrx_word' id='word_1_367' title='bbox 321 4084 541 4155; x_wconf 83' lang='lat' dir='ltr'><strong>Theophrastus,</strong></span> <span class='ocrx_word' id='word_1_368' title='bbox 560 4097 587 4138; x_wconf 88' lang='lat' dir='ltr'><strong>et</strong></span> <span class='ocrx_word' id='word_1_369' title='bbox 609 4085 635 4137; x_wconf 92' lang='lat' dir='ltr'><strong>in</strong></span> <span class='ocrx_word' id='word_1_370' title='bbox 659 4085 730 4156; x_wconf 82' lang='lat' dir='ltr'><strong>spica</strong></span> <span class='ocrx_word' id='word_1_371' title='bbox 756 4087 832 4142; x_wconf 84' lang='lat' dir='ltr'><strong>brevi</strong></span> <span class='ocrx_word' id='word_1_372' title='bbox 876 4087 954 4140; x_wconf 80' lang='lat' dir='ltr'><strong>Caua.</strong></span> <span class='ocrx_word' id='word_1_373' title='bbox 969 4086 1015 4140; x_wconf 86' lang='lat' dir='ltr'><strong>lib.</strong></span> <span class='ocrx_word' id='word_1_374' title='bbox 1031 4087 1209 4156; x_wconf 70' lang='lat' dir='ltr'><strong>tv,cap.10.</strong></span> <span class='ocrx_word' id='word_1_375' title='bbox 1225 4086 1319 4138; x_wconf 71' lang='lat' dir='ltr'><strong>nanc.</strong></span> 
     </span>
    </p>
   </div>
   <div class='ocr_carea' id='block_1_4' title="bbox 0 0 1468 5009">
    <p class='ocr_par' dir='ltr' id='par_1_4' title="bbox 0 0 1468 5009">
     <span class='ocr_line' id='line_1_43' title="bbox 0 0 1468 5009; baseline 0 0"><span class='ocrx_word' id='word_1_376' title='bbox 0 0 1468 5009; x_wconf 95' lang='lat' dir='ltr'><strong> </strong></span> 
     </span>
    </p>
   </div>
  </div>
 </body>
</html>
