2925 5009
428 462 586 532 LIBER
618 459 769 532 XVlll.
1056 463 1127 564 339

75 592 160 666 condi
174 595 262 666 circs
280 609 466 664 extremam
485 594 598 664 lunam
619 595 740 688 jubent
763 615 772 656 τ
797 596 988 685 seminaria,
1019 623 1123 694 quum
1172 599 1196 634 ⁸

73 699 139 768 luxs
152 725 250 796 supra
265 716 393 772 terram
408 703 466 786 sit,
495 700 568 772 fieri
591 727 599 770 ε
620 699 742 774 calcari
758 715 889 788 musta,
920 729 1024 799 quum
1045 703 1125 776 luna

74 806 125 876 sab
144 822 227 878 terra
251 833 261 877 :
284 810 367 878 item
384 807 558 878 materies⁷
576 807 679 895 cudi,
697 831 838 904 qumque
863 807 927 880 alia
953 813 1022 882 suis
1043 811 1125 884 locis

72 911 207 983 diximus.
217 916 340 1010 Neque
350 913 478 984 facilior
490 928 542 984 est
558 914 747 986 observatio
761 939 802 984 ac
813 914 885 1008 jam
897 915 1016 988 dictas
1030 919 1126 990 nobis
1145 933 1161 986 t

73 1005 425 1090 senmdorolumine⁸t
441 1018 786 1116 sedquodintelligere
793 1020 847 1091 vel
859 1023 973 1094 rustici
983 1027 1127 1118 possim,

72 1127 182 1218 quotics
201 1127 245 1196 ab
269 1125 445 1197 occffinte
468 1126 538 1198 sole
564 1140 740 1214 cernetur,
765 1126 999 1222 prioribusque
1020 1133 1128 1202 noctis

72 1230 312 1320 mesinatis,
330 1255 483 1308 crescens
499 1235 579 1318 erit,
597 1247 632 1304 et
653 1231 759 1304 oeulis
778 1232 950 1306 dimidiata
965 1235 1127 1328 judicahi-

71 1349 118 1406 ttu
130 1363 138 1406 :
151 1363 252 1434 quum
269 1363 356 1408 vero
371 1337 542 1410 ooeideate
561 1338 631 1410 sole
654 1340 781 1410 orietur
794 1363 836 1409 ex
850 1339 1007 1429 adverso,
1028 1343 1074 1412 ita
1092 1358 1129 1413 ut

71 1445 178 1532 pariter
198 1446 427 1541 aspiciantur,
459 1459 532 1516 tum
559 1447 625 1516 erit
654 1443 886 1541 plenilunium·
916 1447 1058 1536 Quoties
1086 1449 1130 1518 ab

68 1549 154 1619 ortu⁹
181 1551 260 1622 rol'n
283 1553 432 1636 orietur,
463 1551 696 1646 prior-ilrmque
726 1553 834 1622 nocue
859 1552 951 1626 horis
977 1554 1131 1626 detrahet

72 1652 183 1742 hen,
199 1660 283 1728 etin
300 1657 438 1728 diurnas
451 1657 625 1745 extendet,
640 1657 836 1728 decrescens
849 1659 929 1746 erit,
944 1661 1130 1756 iterumque

73 1759 197 1834 dimidia.
215 1767 259 1834 ln
282 1765 377 1835 coitu
394 1787 476 1834 vero
493 1761 608 1858 (quod
626 1761 843 1834 interlunium
861 1755 1006 1859 vocant)
1026 1792 1128 1862 quum
1149 1792 1165 1850 s

66 1890 214 1963 apparere
227 1871 379 1941 desierit.
391 1872 500 1966 Supra
511 1885 617 1940 terras
634 1883 747 1940 autem
760 1871 836 1956 erit,
851 1871 1001 1965 quandiu
1016 1887 1052 1946 et
1064 1871 1131 1960 sol,

72 1974 241 2066 intertium,
251 1991 286 2046 et
296 1977 408 2072 prima
414 1989 484 2047 tota
493 1976 734 2060 diezsecunds,
752 1976 844 2047 lrorn
860 1978 962 2048 unius
975 1977 1131 2050 dextante

72 2079 210 2152 sieilico¹⁸
225 2109 233 2150 :
249 2107 292 2154 ac
312 2081 433 2152 deiude
456 2083 553 2152 tertia
575 2105 682 2176 usque
704 2081 747 2151 ad
770 2084 921 2176 quintatn
941 2083 1130 2171 decimam,

72 2186 281 2283 multiplicatis
295 2189 460 2258 horarum
477 2187 593 2258 iisdem
609 2187 821 2283 portionibus
841 2212 849 2256 :
868 2191 985 2283 quinta
1002 2191 1131 2264 decima

73 2305 133 2362 tota
149 2319 248 2391 supra
266 2311 377 2365 terras
398 2297 600 2379 metuerit,
630 2294 815 2390 eademque
846 2295 909 2366 sub
934 2298 1033 2368 terris
1060 2300 1131 2368 tota

73 2397 124 2468 die
142 2403 279 2472 Decima
301 2415 395 2470 sexta
411 2401 453 2472 ed
475 2403 591 2496 primae
618 2400 711 2472 horre
738 2414 912 2472 nocturne
939 2401 1130 2473 dextantem

75 2504 211 2576 sitilicum
231 2508 296 2578 sub
317 2521 407 2576 terra
433 2521 528 2602 aget,
550 2506 750 2601 easdemque
770 2507 942 2602 portiones
970 2507 1131 2580 horarum

74 2633 123 2704 per
136 2613 279 2708 singulos
298 2613 370 2683 dies
387 2613 520 2708 adjiciet
534 2637 640 2708 usque
659 2612 702 2682 ad
717 2610 943 2682 interlunium.
962 2615 1007 2682 Et
1026 2639 1131 2710 quan·

76 2729 133 2786 tum
147 2722 259 2814 primis
288 2719 440 2816 partibus
469 2719 578 2790 noctis
608 2718 803 2798 detraxerit,
826 2718 917 2812 quod
943 2719 1005 2790 sub
1036 2723 1141 2792 terris.

73 2837 150 2917 agat,
170 2825 381 2896 tantumdem
399 2827 586 2897 novissimis
607 2849 648 2894 ex
662 2825 716 2894 die
731 2824 864 2917 adjiciet
875 2847 976 2919 supra
993 2839 1127 2896 terram.

75 2927 199 2999 Alternis
214 2947 332 3002 autem
348 2931 516 3002 mensibus
537 2955 610 3000 xxx
633 2929 784 3027 implebit
803 2955 976 3018 numeros,
994 2929 1128 3002 alternis

75 3055 140 3106 sero
156 3036 312 3110 detrahet
327 3035 485 3133 singulos.
506 3041 586 3110 Haec
600 3037 662 3106 erit
679 3037 764 3106 ratio
782 3035 914 3106 lunaris.

106 3243 130 3295 7.
141 3229 199 3281 tem
206 3233 332 3282 merses.
345 3226 417 3282 Vide
429 3228 477 3282 lib.
489 3229 572 3294 XVI,
618 3227 708 3280 uncias
722 3245 785 3280 cum
798 3239 894 3299 quarta
906 3228 994 3282 unci·
1003 3241 1078 3300 pute
1089 3228 1131 3284 in·

75 3318 124 3376 tsp.
132 3313 176 3376 7⁴·
188 3309 282 3363 Hsnn.
618 3319 790 3377 terpretatur.
804 3307 875 3361 lisn-
893 3337 934 3352 -··
946 3307 1075 3362 Dseuste
1085 3316 1133 3363 set·

108 3385 572 3459 8.Scrssdseolursins.1·ils.11‚cnp.
617 3387 674 3441 lieo.
699 3385 822 3440 Secmda
849 3384 913 3452 die,
938 3386 1046 3458 inquit,
1069 3389 1134 3444 lua

79 3465 209 3522 sillan.
617 3483 697 3536 supra
718 3478 803 3520 terras
827 3467 879 3520 erit
904 3484 955 3537 per
979 3465 1134 3522 dextantem

108 3559 131 3612 9-
149 3547 245 3616 Quoties
267 3547 302 3600 sb
324 3561 388 3600 ores.
410 3545 520 3610 Quoties
537 3547 572 3598 ab
617 3545 747 3600 sicilicum
760 3545 841 3600 usim
857 3545 932 3600 horu
944 3547 1060 3618 tmperi,
1080 3548 1133 3602 hoc

77 3624 177 3680 trostiss
197 3627 256 3681 culi
284 3638 360 3699 parte
381 3625 501 3691 orietur,
525 3623 571 3678 scd
615 3636 667 3684 est,
689 3625 723 3680 51
739 3625 807 3678 min.
822 3623 878 3689 alt,
890 3642 937 3678 seu
952 3627 1135 3699 perquinqne

78 3703 159 3768 seim,
172 3705 207 3760 ita
230 3719 262 3761 nt
284 3705 360 3760 nocti
379 3723 458 3760 snum
480 3704 572 3758 lumen
619 3717 703 3759 sextas
717 3717 807 3776 partes
830 3705 911 3758 unius
929 3703 1018 3772 horo,
1042 3718 1070 3760 et
1084 3707 1135 3760 sli-

77 3784 224 3856 ttrsh'quot
234 3787 318 3840 hem
328 3797 416 3857 neget.
425 3784 516 3838 nnn.
618 3783 942 3856 quantosmplius.l·“inge
950 3783 1135 3842 sennanim

113 3864 389 3919 neumasensium.
398 3865 459 3918 Lib.
468 3865 574 3935 11,csp.
618 3865 647 3918 in
660 3877 749 3936 partes
761 3861 899 3918 duodenas
911 3863 1009 3918 tribui:
1025 3862 1136 3921 dextans

81 3945 122 4002 tt,
134 3941 199 3997 lucet
211 3943 360 4000 dodrantes
371 3944 520 3998 semuncias
530 3943 577 3998 lio-
620 3961 653 3997 ex
675 3944 727 3998 illis
746 3944 827 3998 denas
845 3943 1033 4013 complectitur
1051 3962 1059 3998 s
1076 3946 1136 3999 sici·

78 4033 166 4074 nrum.
178 4025 339 4080 Dextsntem
354 4023 483 4078 sicilicum
498 4023 576 4078 unius
620 4019 702 4089 licus,
726 4022 809 4096 partis
832 4021 981 4082 undecim
1015 4037 1137 4096 quartam

80 4094 473 4166 bemBudsuslideesue,
483 4101 575 4160 decem
621 4116 734 4174 psrtern.
749 4101 840 4156 liano.

947 4206 1006 4277 22²
