2925 5009
327 441 392 514 162
593 445 633 514 c.
659 427 829 513 tcrun
852 443 962 515 nar.
986 445 1114 529 urst.

322 581 413 649 titur.
424 577 560 671 Quippe
575 599 686 646 sermo
704 577 793 646 circa
812 599 892 644 rura
906 591 974 664 est,
985 591 1199 674 agrestesque
1213 599 1312 667 nans3
1330 577 1394 648 sed

321 684 440 778 quibus
450 684 474 712 ²⁰
494 683 563 752 vita
579 681 754 776 honosque
767 681 859 778 apud
873 683 1000 777 priscos
1014 685 1179 753 maximus
1192 683 1303 754 fuerit.

289 817 300 850 ι
375 791 420 860 11.
438 781 510 881 (rr.)
525 791 693 858 Arvorum
709 788 915 860 sacerdotes¹
935 790 1101 860 Romulus
1118 792 1153 859 in
1172 792 1289 886 primis
1305 792 1395 863 insti·

322 899 404 986 tuit,
423 919 524 990 seque
534 895 771 966 duodecimum
785 896 922 966 fratrem
941 893 1122 992 appellavit
1137 895 1331 986 interillos,
1346 899 1394 968 ab
1430 907 1434 912 ’

320 1007 411 1074 teca
429 1003 608 1074 Laurentia
627 1003 758 1073 nutrice
775 1025 834 1072 sua
852 1003 1002 1096 genitos,
1024 1004 1135 1098 spicea
1155 1027 1297 1087 corona,
1317 1029 1395 1100 φη

320 1111 403 1180 vitta
417 1108 494 1179 alba
513 1107 742 1204 colligaretur,
758 1109 794 1178 in
808 1107 995 1180 sacerdotio
1006 1109 1053 1179 eis
1066 1133 1130 1204 pro
1146 1109 1395 1204 religiosissimo

320 1217 440 1312 insigni
455 1215 532 1284 data
542 1265 552 1303 ‚
564 1239 638 1309 quae
655 1215 765 1308 prima
786 1214 877 1311 apud
893 1217 1065 1286 Romanos
1078 1215 1144 1286 fnit
1163 1240 1291 1287 corona
1308 1234 1317 1277 ἓ
1335 1218 1396 1288 bo·

322 1345 450 1417 nosque
461 1323 488 1390 is
502 1345 570 1392 non
583 1321 647 1390 nisi
660 1318 750 1390 vita²
760 1321 878 1391 finitur
890 1347 900 1390 ε
914 1335 950 1392 et
960 1320 1089 1393 exsules
1099 1323 1198 1392 etiarn
1212 1338 1396 1420 captosque

322 1431 511 1499 comitatur.
530 1427 614 1497 Bina
631 1441 712 1496 tunc
724 1413 862 1522 jugara³
876 1427 1003 1523 populo
1019 1453 1161 1498 romano
1178 1431 1257 1500 satis
1277 1447 1395 1518 erant,

322 1534 471 1629 nullique
494 1519 678 1627 majorem⁴
695 1533 835 1604 modurn
859 1534 1038 1604 attribuit:
1061 1559 1129 1629 quo
1152 1559 1268 1606 servos
1293 1536 1396 1632 paulo

320 1656 397 1712 ante
414 1641 573 1737 principis
590 1640 754 1729 Neronis,
767 1641 968 1737 contemptis
980 1639 1082 1736 hujus
1099 1644 1197 1738 spatii
1214 1642 1395 1732 viridariis,

311 1885 313 1890 .
363 1837 406 1894 s'o.
432 1839 483 1893 Sed
506 1837 591 1912 quibua
620 1829 675 1892 ur'ta
706 1839 835 1912 honosque.
880 1839 1067 1894 «Ambsmies
1076 1839 1172 1895 hostie
1181 1841 1395 1914 appellabuntur,

320 1917 455 1987 Quoniam
479 1917 605 1989 frugibus
631 1929 755 1985 tanturn,
779 1937 835 1972 non
877 1938 937 1992 qne
950 1938 1001 1990 pro
1013 1919 1085 1974 arvia
1104 1936 1119 1974 e
1140 1920 1249 1974 duobus
1267 1922 1396 1978 fratribus

319 1998 476 2071 conquisitis
485 1995 752 2068 epularunrdeliciin
761 2017 837 2052 eren·
878 1999 1105 2054 ncrifieabsntnr.
1118 2025 1130 2047 ι
1149 2001 1244 2056 Bran.

321 2093 374 2134 tur.
390 2080 494 2132 Dante.
921 2099 949 2132 s.
963 2079 1024 2134 Non
1034 2082 1084 2132 πίει·
1097 2083 1161 2133 uita.
1173 2081 1218 2134 Sic
1229 2082 1395 2154 Auferam,

359 2159 397 2212 11.
423 2177 447 2212 s.
463 2157 584 2211 Arearum
603 2155 749 2209 sacerdotes.
763 2153 836 2210 Vide
878 2169 905 2210 et
919 2157 1077 2213 Pontificaie
1090 2155 1285 2227 secerdotium,
1298 2179 1394 2234 pepe·

320 2239 401 2310 hujus
424 2235 464 2290 rei
485 2236 622 2290 historiam
646 2233 718 2309 apud
732 2235 835 2288 Lilinnr
878 2249 924 2291 tna
947 2237 1023 2291 fuere
1041 2255 1170 2305 munere,
1185 2259 1238 2293 nec
1256 2241 1312 2296 nisi
1334 2259 1394 2295 cunr

321 2315 484 2392 Gyraldnnr.
511 2315 644 2370 uArveles
665 2313 836 2378 sacerdotes,
878 2317 932 2370 vita
945 2317 1013 2390 eripi
1031 2331 1185 2390 potnerunt.
1199 2317 1273 2374 Vide
1285 2321 1393 2375 Sueten

321 2395 410 2469 inquit
424 2395 561 2468 Cujeeius‚
577 2395 624 2448 lib.
638 2395 682 2461 Χ,
702 2413 762 2466 cap.
778 2393 836 2460 34,
877 2394 907 2449 in
923 2396 990 2468 Aug.
1002 2415 1085 2464 xxxa,
1099 2411 1128 2452 et
1146 2399 1240 2454 Senec.
1257 2399 1293 2454 de
1310 2401 1393 2455 Clen.

321 2490 349 2531 et
360 2477 409 2530 lib.
421 2475 474 2540 x1‚
486 2493 545 2548 cap.
563 2473 578 2529 ⁵
592 2473 732 2529 Observat.
745 2475 768 2529 oi
779 2473 836 2546 napi
878 2474 927 2530 lib.
940 2476 970 2540 1,
984 2495 1044 2549 cap.
1060 2495 1102 2532 ro.
1112 2477 1158 2534 Sic
1167 2481 1195 2534 in
1206 2479 1304 2534 Gatti·
1312 2478 1392 2552 megi·

321 2559 380 2630 ὅρων
392 2552 497 2617 demeat
510 2553 688 2608 terminorum
699 2571 836 2608 sacrorum
879 2555 1003 2610 stratibus
1016 2557 1139 2623 snmrnis,
1149 2559 1302 2614 esneettnti
1311 2559 1393 2632 digni·

269 2655 276 2667 ·
323 2650 348 2690 et
362 2635 456 2688 finium
474 2635 569 2706 jurgiis
584 2633 757 2688 terminandis
768 2651 837 2704 pro·
879 2636 1031 2702 tenentia
1043 2637 1202 2710 quedamee
1215 2637 1323 2694 donato
1331 2657 1394 2714 prt-

323 2727 414 2780 erant‚
427 2726 453 2767 et
467 2713 687 2768 interveniebant.
700 2738 712 2761 ι
734 2715 837 2766 Drsrc.
877 2715 996 2786 rogatis·
1012 2730 1083 2771 sunt.
1101 2719 1195 2773 tisun.

324 2795 499 2847 —Areorurn
513 2793 688 2860 Gellins‚lib.
700 2793 757 2859 vl,
767 2810 791 2848 c.
803 2808 836 2863 7:
921 2794 949 2850 3.
959 2795 1026 2849 Bina
1037 2809 1094 2850 tune
1100 2799 1200 2869 jugere.
1212 2800 1304 2853 Varro
1313 2797 1348 2854 de
1355 2799 1393 2853 le

328 2901 340 2924 ι
352 2875 464 2928 Sabinus
479 2871 613 2927 Masurius
626 2873 655 2925 in
669 2871 759 2944 primo
779 2873 838 2924 Me·
880 2875 957 2930 lton
970 2875 1017 2930 tib.
1036 2877 1066 2944 1,
1087 2895 1146 2949 cap.
1169 2895 1221 2933 ro:
1238 2879 1393 2952 «Antiqw

233 2987 243 3004 .
324 2952 840 3008 mortalium...tccsmlaurentiamtto·
879 2966 971 3008 noster
984 2973 1047 3027 eger
1064 2969 1126 3012 ente
1147 2957 1250 3013 bellum
1265 2961 1390 3014 Punicum

326 3033 392 3088 muli
407 3034 537 3086 nutricem
550 3032 629 3086 fuisse
643 3029 717 3085 dicit.
732 3031 769 3084 Ea
778 3070 787 3097 ,
796 3030 838 3083 in·
879 3032 1015 3105 pendebat
1026 3037 1090 3090 bina
1109 3037 1216 3109 jugem
1226 3035 1329 3111 quoda
1342 3041 1391 3093 Ro·

326 3114 401 3185 quit,
424 3113 522 3166 mutter
549 3131 582 3168 ex
610 3109 752 3165 duodecim
776 3108 840 3164 filiis
880 3113 955 3166 mulo
964 3115 1081 3186 primurn
1091 3113 1175 3170 divise
1188 3115 1348 3174 dicebantur
1356 3117 1390 3172 ri·

325 3194 445 3247 nseribns
468 3211 553 3246 unum
576 3205 660 3244 morte
687 3189 783 3245 emisit.
805 3191 838 3242 In
879 3191 1043 3260 ritim,ete.·
1060 3195 1142 3249 tt...
1155 3196 1331 3270 Brirequ.
1344 3197 1391 3252 In·

325 3273 398 3327 iilius
411 3274 502 3328 locntn
526 3271 657 3325 Romulus
677 3270 755 3324 Acce
767 3271 839 3330 ¹Lett-
880 3272 937 3343 μή
950 3273 1090 3346 longitudo
1107 3274 1276 3332 ducenorum
1289 3290 1391 3351 etque·

327 3354 420 3408 renti·
437 3370 492 3408 sese
505 3351 589 3404 {ilium
614 3347 707 3415 dedit,
719 3367 801 3422 seque
812 3363 840 3405 et
881 3350 1058 3424 dregenornnr
1071 3353 1171 3428 pedum
1191 3369 1266 3422 erat,
1280 3356 1390 3412 latitudo

328 3445 437 3486 caeteros
450 3433 507 3504 ejus
521 3429 591 3485 titios
609 3429 715 3484 Fratres
727 3427 840 3486 Arvales
880 3443 1055 3487 centenorum
1068 3435 1288 3510 rioenommqne.
1304 3437 1390 3504 Qum

328 3512 478 3584 appellavit.
501 3511 591 3566 Exeo
611 3523 734 3581 tempore
758 3509 840 3564 colte-
881 3509 1056 3584 doningen,
1068 3529 1389 3589 pronostrsteagrosne·

328 3591 402 3662 giurn
428 3591 524 3644 mansit
547 3589 670 3644 Fratrum
700 3589 839 3644 Arvalium
882 3589 956 3644 tandi
969 3592 1265 3658 ratione,efflciunt5{s
1276 3597 1387 3668 eres,98

327 3689 441 3726 numero
453 3667 691 3739 duodecim‚onjns
701 3667 840 3726 sacerdotii
881 3673 1005 3725 aarum.
1020 3673 1073 3727 En.

327 3749 432 3824 insigne
446 3749 586 3820 estspioea
598 3767 710 3808 corone.
731 3760 759 3802 et
773 3749 840 3806 albe
923 3757 951 3816 4.
979 3752 1098 3823 Majom
1126 3755 1231 3809 neodem
1264 3754 1388 3829 Hajoeern

327 3829 451 3884 infulae.-
466 3831 553 3883 Varro
567 3827 602 3882 de
618 3828 650 3882 L.
662 3828 693 3881 L.
714 3827 762 3882 lib.
776 3829 836 3883 IV:
880 3849 1052 3886 mensuram:
1072 3832 1169 3888 nrodns
1187 3835 1260 3890 urina
1281 3834 1317 3890 de
1337 3833 1388 3906 egri

331 3909 457 3964 aFrstres
477 3907 590 3962 Annales
612 3905 677 3962 dicti
694 3921 776 3974 sunt,
790 3911 838 3981 qui
880 3908 980 3965 dicitur
990 3930 1121 3966 mensure.
1132 3913 1274 3980 Horatius,
1287 3915 1334 3970 tn.
1345 3917 1386 3979 11,

325 4008 400 4044 sacra
413 3987 520 4061 publica
533 3988 634 4042 faciunt
645 4001 799 4061 propterea,
807 4004 838 4044 ut
881 3987 937 4044 Sat.
947 4008 995 4047 vr:
1008 3992 1083 4047 «Hoc
1092 3993 1189 4048 eratin
1203 3991 1272 4048 votis
1280 4014 1288 4047 a
1297 3993 1387 4050 modus

324 4068 416 4142 fruges
429 4069 515 4123 ierant
534 4085 605 4123 arra.
615 4094 627 4116 ι
643 4065 712 4121 Inde
725 4067 835 4123 Festus:
880 4071 937 4140 agri
951 4089 1005 4125 non
1022 4069 1058 4127 its
1071 4091 1191 4143 magnos.
1202 4100 1215 4122 ·
1232 4074 1324 4128 Hsan.
