2925 5009
288 432 360 503 622
562 436 602 503 c.
628 434 801 506 risun
826 435 934 505 nir.
963 436 1090 506 nrsr.
1202 518 1205 526 Δ

258 602 267 635 ι
343 566 538 635 LXXXIX.
562 566 792 636 Marrubinrn¹
823 565 973 663 plerique
991 569 1078 637 inter
1096 568 1219 662 primas
1237 568 1351 639 herbas

291 670 587 751 commendavere,
607 671 698 766 quod
717 675 826 743 Gracci
842 676 975 768 prasion
990 688 1131 757 vocant,
1144 672 1197 743 alii
1209 673 1351 745 linostro-

292 777 405 872 phon‚
427 778 578 846 nonnulli
595 777 871 872 philopaeda,aut
885 777 1116 875 philochares,
1135 781 1244 851 notius
1258 804 1353 875 quam

292 896 330 952 ut
346 882 560 953 indicandum
574 885 625 953 sit
641 884 749 977 Hujus
766 882 845 953 folia
863 910 1041 978 semenque
1061 886 1204 955 coutrita
1221 900 1355 981 prosunt

292 1004 409 1059 contra
433 977 603 1083 serpentes
613 987 637 1075 ²,
665 1004 841 1083 pectorum
866 1004 900 1059 et
922 976 1052 1059 lateris³
1074 989 1222 1077 dolores,
1244 995 1353 1061 tussim

293 1110 441 1163 veterem
457 1118 464 1161 ε
483 1109 518 1162 et
539 1082 596 1163 tis⁴
610 1096 668 1188 qui
690 1098 883 1188 sanguinein
906 1097 1081 1189 rejecerint
1089 1082 1113 1181 ⁵,
1127 1098 1245 1167 eximie
1263 1096 1354 1183 utile,

293 1184 423 1293 scopis⁶
442 1197 514 1293 ejus
529 1225 607 1269 cum
623 1201 744 1295 panico
765 1224 849 1293 aqua
866 1200 1029 1287 decoctis,
1047 1216 1084 1270 ut
1099 1204 1258 1297 asperitas
1271 1204 1354 1273 succi

261 1344 275 1377 ι
294 1307 471 1399 mitigetur.
489 1305 696 1400 Imponitur⁷
712 1307 847 1377 strumis
863 1332 937 1375 cum
953 1308 1063 1401 adipe.
1081 1310 1167 1379 Sunt
1180 1310 1237 1403 qui
1249 1308 1356 1377 viridis

294 1436 407 1481 semen
428 1426 591 1505 quantum
613 1410 745 1480 duobus
766 1410 876 1505 digitis
898 1414 1051 1507 rapiant,
1078 1438 1155 1481 cum
1180 1414 1273 1484 farris
1299 1438 1356 1508 pu·

294 1516 372 1612 gillo
383 1516 577 1599 decoctum,
590 1516 704 1585 addito
716 1518 837 1611 exiguo
849 1516 913 1587 olei
928 1533 962 1588 et
979 1518 1069 1604 salis,
1086 1518 1221 1589 sorbere
1233 1520 1357 1613 jejunos

294 1622 336 1691 ad
356 1623 471 1691 tussim
489 1622 638 1715 jubeant.
661 1608 747 1691 Alii⁸
767 1622 847 1691 nihil
866 1638 1063 1718 comparant
1082 1625 1114 1692 in
1131 1624 1247 1695 eadem
1263 1648 1355 1695 causa

295 1727 453 1797 marrubii
470 1741 504 1795 et
525 1726 658 1797 feniculi
680 1730 788 1797 succis
810 1728 851 1797 ad
868 1732 1029 1797 sextarios
1050 1744 1163 1798 ternos
1185 1733 1356 1825 expressis,

295 1834 506 1927 decoctisque
521 1833 565 1902 ad
578 1834 738 1903 sestarios
756 1832 858 1917 duos,
873 1848 944 1903 tum
960 1833 1073 1905 addito
1086 1834 1193 1905 mellis
1207 1837 1357 1919 sextario,
1388 1832 1394 1841 ’

296 1963 410 2007 rursus
430 1938 569 2009 decocta
586 1938 628 2007 ad
651 1938 812 2007 sextarios
831 1937 934 2023 duos,
957 1942 983 2008 si
1013 1938 1193 2009 cochlearii
1213 1962 1357 2011 mensura

295 2046 330 2113 in
345 2044 398 2113 die
415 2044 589 2114 sorbeatur
602 2045 636 2111 in
653 2067 747 2136 aquai
762 2043 894 2137 cyatho.
909 2048 953 2113 Et
967 2045 1109 2135 virilium
1130 2045 1240 2115 vitiis⁹
1255 2060 1355 2117 tusum

334 2247 485 2301 LXXXIX.
501 2266 525 2299 r.
539 2246 698 2299 Murredium.
717 2247 807 2300 Diorc.
855 2247 1010 2301 rMarrubii
1031 2245 1127 2301 viridis
1146 2248 1313 2306 natatum.
1333 2260 1358 2301 et

205 2383 212 2397 ‚
295 2330 324 2383 in
338 2328 420 2380 Noth.
436 2346 495 2396 pap.
514 2327 589 2396 457:
606 2326 732 2395 Πράσιον,
744 2326 765 2379 ci
779 2322 808 2379 dl
852 2327 992 2379 ambrosias
1005 2326 1203 2381 fasciculum...
1215 2342 1303 2399 postea
1315 2326 1357 2380 de·
1377 2351 1382 2365 ·

295 2406 454 2476 ιὺπατόριον,
465 2401 689 2475 οἱδὶφιλοχαρδς...
699 2395 808 2475 l’upairr
853 2424 939 2478 coque
954 2404 988 2458 ad
1000 2404 1204 2459 crassitudinem
1219 2408 1303 2461 mellis
1314 2426 1357 2460 :es

295 2484 470 2558 peppoissrrup.
480 2484 584 2539 Nostris
592 2484 640 2550 ,dri
650 2484 808 2539 horruisti.
853 2504 886 2539 eo
897 2486 980 2539 uteris
992 2486 1107 2557 jejunus.
1119 2524 1142 2538 ..
1153 2485 1223 2539 ..ad
1235 2484 1356 2557 unguinis

338 2586 364 2619 α.
385 2564 479 2617 Contra
500 2576 628 2634 serpentes.
651 2564 686 2615 Et
700 2582 765 2615 sane
780 2564 808 2615 in
853 2565 1027 2636 rejectionem
1049 2562 1209 2629 sedandam,
1231 2578 1258 2618 et
1272 2578 1357 2619 nouit·

295 2644 417 2701 theriaca
425 2643 645 2714 oompositionem
653 2640 810 2697 adsciscitur
853 2644 935 2697 chum
949 2641 1195 2698 confirmandum·
1211 2642 1299 2701 fluo.

296 2723 464 2779 marrubium
473 2722 571 2785 virens,
577 2723 610 2775 ab
618 2721 809 2775 Andromacho
895 2722 922 2777 5.
938 2724 1135 2793 Quirengrrim
1145 2722 1356 2792 asarmot·

295 2801 369 2875 apud
380 2800 574 2866 Galeuum,do
584 2802 666 2855 Ther.
677 2799 714 2855 ad
720 2800 809 2855 Pisou.
853 2802 902 2857 dis.
917 2802 1007 2855 Diosc.
1023 2806 1091 2856 Dar..
1106 2832 1147 2847 -
1162 2803 1234 2868 siit,
1254 2806 1294 2874 piri
1307 2820 1356 2855 rra·

295 2883 343 2937 lib.
355 2883 383 2947 I,
395 2899 453 2952 cap.
467 2900 497 2951 7,
507 2900 535 2952 p.
550 2880 619 2950 939.
630 2881 721 2934 Hono.
851 2884 948 2952 guinem
961 2882 1079 2951 rejiciunt.
1095 2882 1149 2933 En.

338 2961 364 3015 a.
380 2962 483 3013 nias.
496 2960 540 3013 sic
556 2960 739 3015 oromatis.
752 2960 808 3023 111.
893 2963 920 3013 s.
935 2958 1020 3031 sapa
1037 2963 1088 3031 ejus
1108 2978 1162 3013 am
1177 2963 1275 3031 pinea
1292 2960 1355 3013 cor·
1448 3002 1449 3017 i

296 3059 355 3112 cap.
371 3058 435 3109 ¹¹9·
447 3038 529 3110 Apol.
540 3058 599 3111 cap.
611 3040 723 3102 xur,tit.
740 3058 764 3103 r,
774 3036 809 3091 ad
852 3040 933 3095 sentit
945 3058 1005 3093 cunr
1017 3040 1108 3094 Dalec.
1122 3038 1215 3093 Eun.

296 3120 389 3175 tussim
403 3136 532 3190 gravem:
554 3120 692 3173 «Herbam
707 3136 810 3171 marru-
894 3138 922 3189 7.
937 3119 1081 3189 imponitur.
1102 3119 1223 3173 Marcell.
1238 3114 1355 3187 Empiric.

296 3200 373 3253 biom
391 3198 524 3269 decoque·
543 3216 577 3251 ox
596 3215 680 3269 aqua,
694 3208 721 3249 et
735 3196 810 3251 dabis
854 3216 911 3267 cap.
926 3214 969 3250 xv.
980 3198 1061 3268 Apul.
1076 3216 1135 3268 cop.
1152 3216 1221 3263 xuv,
1235 3196 1277 3251 tit.
1290 3194 1358 3259 M

297 3276 811 3348 hihereeisquigmitertosriuntrmi·
853 3274 1355 3331 rumduritiurrrreflerhamrruliinn

296 3378 327 3412 re
339 3370 421 3411 unat.
432 3383 444 3403 ·
457 3356 491 3408 Et
504 3356 539 3421 Q.
556 3357 647 3409 Seren.
662 3374 720 3427 cap.
729 3372 809 3409 xxxv.
854 3368 912 3413 trra
922 3374 984 3409 cuns
992 3356 1122 3426 axungia,
1133 3368 1161 3409 et
1171 3352 1357 3425 impetimini·

297 3437 407 3491 Praeirit
416 3434 542 3489 omnibus
552 3434 621 3489 Cels.
629 3435 677 3487 lih.
689 3435 740 3497 IV,
750 3452 810 3503 cap.
855 3454 884 3489 re
897 3446 981 3489 sanat.
991 3460 1003 3483 ι
1020 3436 1113 3489 lino.

300 3516 384 3588 4,ᾳυί
393 3514 428 3568 nd
439 3514 529 3569 tussim
540 3526 655 3570 reterens
660 3515 737 3585 jubet
742 3515 812 3583 porri
897 3516 925 3568 8.
940 3514 1003 3567 Alii.
1016 3516 1056 3566 lta
1073 3514 1128 3567 fere
1140 3512 1226 3569 stare
1239 3508 1356 3583 Empiric-

297 3598 340 3649 ναί
349 3596 465 3647 manubii
473 3612 567 3646 succurri
579 3597 677 3647 assumi.
689 3593 782 3647 Hisn-
856 3612 915 3664 cap.
928 3612 984 3646 xvi.
1000 3590 1090 3645 lino.

341 3683 367 3740 4.
382 3676 419 3727 Et
431 3677 470 3727 iis.
493 3673 595 3727 Plinius
611 3673 703 3729 Valer.
720 3672 768 3725 lib.
783 3672 811 3737 1,
896 3690 924 3740 9.
946 3672 984 3725 Et
997 3671 1104 3723 uiritim
1122 3672 1206 3736 uniri,
1229 3682 1280 3737 etc.
1292 3668 1355 3723 Folia

299 3774 357 3825 cap.
373 3758 410 3817 64
428 3754 464 3807 ud
480 3755 663 3807 mamiliam
674 3762 811 3815 ouantem,
855 3769 917 3807 curn
932 3750 1012 3805 melle
1032 3750 1115 3815 illita,
1135 3748 1244 3805 sordida
1263 3750 1356 3803 hulsen

299 3847 350 3889 etc.
367 3832 520 3887 «Marrubii
530 3851 640 3904 quoque
650 3850 813 3903 scoparum
855 3842 987 3902 purgant,
1009 3848 1103 3883 nomas
1122 3830 1229 3883 sistunt.
1250 3828 1355 3882 nimi.

300 3932 369 3987 pane
380 3904 430 3982 (ex
443 3911 530 3965 Plinio
539 3924 633 3966 nostro
646 3912 748 3975 scribe,
759 3930 812 3963 crus
856 3912 957 3965 urim.
973 3942 1010 3951 -
1029 3910 1066 3961 Et
1077 3910 1193 3963 uirilr'ani.
1209 3908 1354 3962 Halon-ibus

297 3984 590 4063 maholderoqunntur
601 4008 730 4062 :muers
744 4008 813 4061 aqua
855 3988 970 4045 sordidis
983 3988 1148 4059 genitalium.
1158 3990 1250 4043 Diosc.
1261 3988 1303 4041 lih
1312 3984 1353 4043 lili

301 4075 437 4126 bibuntur.
449 4096 461 4119 ι
479 4071 563 4124 Marc.
579 4072 659 4141 Emp.
675 4090 734 4142 erp.
747 4087 811 4125 xri:
856 4088 915 4141 cap.
931 4087 995 4137 ¹¹9·
1006 4069 1095 4123 Hann.
