2925 5009
329 457 400 532 320
603 457 642 524 C.
668 455 835 524 PLlNll
859 453 969 523 NAT.
993 451 1123 522 HIST.

328 584 535 686 Rubigalin'²
548 586 660 658 Numa
682 589 856 658 constituit
873 609 963 654 anno
975 585 1070 704 regni
1091 583 1142 651 sui
1157 606 1209 668 xa,
1222 606 1302 676 quae
1318 607 1408 653 nunc

328 712 514 794 aguntura
506 693 560 764 ..d
576 697 754 790 septimum
775 691 933 763 kalendas
947 692 1025 761 maii
1032 689 1220 820 ,quoniam
1238 704 1326 758 tunc
1340 690 1407 758 leae

328 817 454 900 segetes
476 801 596 896 rubigo
617 815 770 896 occupat.
790 801 864 870 Hoc
884 781 1168 892 tempusVarm¹³
1186 794 1407 883 determinat,

331 909 400 982 sole
415 909 516 979 Tauri
532 923 661 1004 partem
679 907 842 978 decimam
858 905 1046 991 obtinente,
1065 905 1153 974 sicut
1172 915 1255 971 tunc
1277 849 1408 971 fcrehai

295 1033 312 1081 s
332 1018 424 1087 ratio.
437 1014 500 1086 Sed
522 1037 601 1084 vera
618 1037 717 1084 causa
731 1027 802 1100 est,
819 1011 910 1108 quod
923 1025 1000 1107 post
1021 1011 1092 1079 dies
1106 1008 1322 1128 undeviginti
1331 995 1406 1076 ¹⁴ab

330 1121 539 1242 aequinoctio
546 1145 666 1208 verno,
683 1145 744 1214 per
763 1119 798 1188 id
815 1101 1055 1240 ιιιιιιιιιιὶιιιιιιιις
1056 1117 1167 1203 ,varia
1182 1117 1338 1210 gentium
1348 1114 1406 1184 ob

331 1231 517 1300 servatione
530 1228 564 1296 in
578 1251 614 1298 ιιι
627 1225 786 1297 kalendas
795 1227 893 1309 maii,
914 1225 1017 1295 Canis
1032 1221 1174 1308 occidit,
1187 1221 1282 1292 sidus
1297 1235 1337 1290 et
1348 1245 1406 1316 per

331 1363 365 1406 se
390 1318 601 1406 vehemens¹⁶
583 1363 614 1418 ·,
637 1347 672 1404 et
692 1335 748 1404 cui
771 1331 993 1428 praeoccidere
1003 1329 1027 1370 ¹⁷
1052 1326 1253 1399 Caniculam
1271 1350 1407 1398 neoease

330 1547 400 1613 1,r:
415 1545 540 1611 -Quarto
554 1543 650 1597 invoco
664 1543 844 1616 Rubigumac
930 1543 976 1598 13.
999 1543 1055 1595 Hoc
1076 1555 1167 1612 sapas
1182 1541 1279 1596 Varro.
1297 1542 1341 1593 ne
1358 1539 1406 1593 baa

331 1626 450 1690 Floram,
474 1625 571 1696 quibua
603 1623 728 1696 propitiis
754 1641 843 1695 neque
886 1623 1018 1676 Vas-mnis
1031 1621 1161 1676 sententia
1172 1620 1318 1674 Petusium
1330 1619 1405 1684 ride,

330 1705 429 1776 rubigo
456 1703 605 1768 frumenta,
633 1715 712 1774 atque
734 1703 844 1758 arbores
887 1705 969 1756 Vara.
984 1701 1107 1765 Dissll,
1123 1720 1168 1755 ιο.
1181 1699 1282 1753 Banu.

331 1783 496 1854 corrumpit,
518 1799 606 1854 neque
621 1801 676 1836 non
689 1783 845 1854 tempestive
932 1781 1102 1847 saponaria
1112 1781 1273 1850 ιιιιιιισὶςὺιιί.
1283 1779 1403 1834 Italssi.

332 1863 437 1918 florent.
448 1864 543 1934 Itaque
555 1861 670 1934 publicas
687 1863 791 1933 Robigo
804 1863 845 1916 fe·
888 1879 1001 1917 omues:
1020 1861 1159 1916 attentius
1173 1861 1263 1924 sorte,
1277 1872 1312 1912 ut
1332 1860 1404 1913 Peta-

334 1943 398 2007 rise,
412 1941 571 2013 Robigalia:
589 1941 674 1994 Flora
684 1939 742 1995 ludi
753 1943 845 1996 Flora·
889 1947 948 1995 vius
957 1940 1124 2006 emendarit,
1136 1939 1352 2005 Varr.Dias.11,
1365 1957 1402 1995 au.

333 2023 367 2075 lia
391 2034 452 2074 sunt
473 2021 594 2074 instituti.
613 2045 625 2069 ι
642 2019 781 2074 Αιιιοιιίιιι
798 2019 845 2074 ad·
889 2021 918 2074 in
930 2021 1044 2076 Uranol.
1055 2040 1082 2092 p.
1101 2027 1171 2085 104,
1183 2029 1242 2090 post
1263 2020 1318 2073 ὼ
1334 2037 1400 2070 nan

333 2119 400 2157 vera.
410 2113 484 2172 gent.
496 2099 666 2154 Ivi-Flora
677 2101 722 2154 illa
732 2101 847 2172 genitrix
889 2103 1034 2170 οιινίμιιια.
1045 2103 1071 2152 Δ
1089 2117 1132 2152 vra
1145 2098 1277 2153 kalendas
1285 2095 1403 2151 maiasad

333 2193 359 2234 et
385 2194 492 2247 macta,
526 2179 690 2234 obscenitate
719 2179 846 2234 ludorum
890 2193 1033 2252 quartum,
1049 2191 1137 2234 totum
1159 2180 1214 2234 boc
1229 2177 1399 2250 quatriduum

334 2261 401 2313 bene
416 2273 508 2320 curat,
525 2269 558 2312 ut
580 2277 643 2313 arua
665 2259 814 2314 florescant.
831 2284 843 2307 ·
889 2261 1012 2332 frugibus
1025 2257 1205 2313 decretorium
1227 2277 1288 2312 ease
1305 2257 1402 2310 Plinius

333 2337 472 2392 Ludorum
485 2337 629 2392 Floralium
640 2339 742 2394 mentio
761 2351 800 2393 est
818 2339 848 2391 iu
889 2338 956 2393 dicit
975 2357 982 2393 :
999 2339 1072 2393 etab
1083 2339 1243 2410 equinoctio
1255 2334 1400 2391 modies

333 2437 445 2472 nummo
466 2417 585 2474 Servilia
608 2418 695 2488 gentis
719 2431 847 2491 argenteo
890 2431 1014 2473 numerat
1034 2417 1212 2490 undeviginti.
1231 2418 1274 2471 Aa
1289 2417 1400 2488 quino·

334 2497 405 2570 apud
417 2499 557 2564 Patinum,
571 2497 600 2550 in
613 2498 708 2552 Famil.
728 2518 756 2573 p.
778 2501 845 2566 atio,
890 2501 976 2554 etium
985 2516 1098 2552 sernnsu
1108 2497 1168 2570 ipae
1174 2497 1295 2551 contulit
1310 2499 1338 2550 iu
1352 2513 1399 2550 ran

334 2597 361 2631 n.
384 2585 414 2642 4,
431 2590 459 2631 et
479 2578 506 2630 in
526 2577 620 2632 Museo
644 2589 747 2632 nostro.
778 2579 848 2632 Hinc
891 2579 947 2634 kal.
971 2578 1051 2649 april.
1068 2596 1085 2632 a
1104 2576 1218 2648 quodie
1233 2575 1399 2631 muduset

333 2655 525 2712 duoaexhibet
544 2654 728 2728 gladiatores:
748 2658 849 2712 inimo
891 2658 1042 2731 trigesimus
1073 2655 1131 2712 dica
1156 2669 1198 2711 eat
1228 2675 1260 2710 aa
1299 2651 1397 2710 kalend

333 2756 357 2790 c.
371 2739 486 2791 suavus!
493 2754 525 2790 ιι.
536 2756 561 2790 ι.
572 2731 656 2807 (quas
667 2734 735 2792 duas
744 2751 849 2809 postm-
892 2739 986 2792 maias.
995 2739 1089 2792 Ηιιιι.

335 2834 390 2870 mas
404 2817 508 2870 litteras
526 2815 636 2870 Petinus
654 2817 757 2883 omisit3
779 2816 850 2872 vidit
935 2818 981 2872 1⁵.
996 2818 1046 2870 Per
1061 2815 1398 2889 idquatridamdmba·

334 2897 430 2961 etiam,
445 2907 475 2948 ιιι
488 2895 515 2949 in
530 2908 623 2949 nostro
637 2909 715 2964 snut,
733 2899 851 2968 lisgerus
894 2895 987 2951 laudas
997 2895 1032 2950 ad
1043 2915 1084 2952 ιι.
1098 2897 1192 2951 liano.

334 2975 361 3028 in
374 2976 511 3029 Thesauro
521 2973 775 3048 brandenburgico,
787 2995 847 3048 pag.
936 2979 981 3032 16.
997 2978 1090 3048 Etper
1109 2997 1136 3028 ss
1153 2977 1290 3031 velam.
1314 2975 1350 3029 Ut
1370 2973 1395 3024 ia

337 3043 477 3124 585).1u
493 3055 573 3110 altera
593 3067 670 3126 parts
686 3069 769 3127 caput
786 3058 849 3110 Deo
891 3070 954 3110 ortu
965 3075 1017 3110 suo
1030 3054 1189 3110 immodicos
1201 3067 1281 3111 uatus
1291 3054 1395 3108 excitare

335 3135 420 3189 Florae
441 3146 504 3187 est:
531 3147 604 3188 retro
626 3135 725 3201 lituus,
744 3134 850 3207 insigne
892 3135 1067 3203 Caniculam,
1080 3134 1395 3206 aicoccidcnteurfas'gon

334 3215 365 3268 C.
393 3211 498 3268 Servilii
522 3227 688 3286 auguratus:
706 3215 849 3288 inscriptio
891 3229 920 3269 et
932 3214 1055 3270 inimicas
1064 3215 1187 3288 frugibus
1203 3216 1393 3287 pruiuasoosa·

335 3312 448 3348 anonas..
462 3310 573 3347 aarum.
587 3293 671 3360 Quod
688 3313 753 3347 cave
762 3294 848 3367 legas,
891 3315 1015 3359 mosera,
1035 3295 1139 3348 Plinius
1149 3295 1193 3350 bia
1203 3296 1295 3349 verbis
1304 3289 1393 3364 siguifi-

336 3387 365 3428 ut
376 3374 455 3445 vulgo
467 3372 513 3439 lit,
528 3373 641 3426 Florulia
653 3378 748 3445 prinus
759 3381 775 3426 P
787 3392 850 3428 uana
892 3389 944 3429 cat.
955 3376 1062 3430 Colum.
1071 3376 1121 3441 xl,
1132 3393 1165 3429 a:
1180 3401 1193 3424 ι
1201 3367 1392 3428 Pridiekalntl·

335 3453 382 3506 ubi
393 3455 575 3520 verbum,aut
583 3453 664 3526 quale
672 3452 850 3526 subintelligi·
892 3455 974 3510 maias
995 3475 1006 3510 ι
1029 3455 1109 3509 Canis
1135 3473 1164 3508 ae
1183 3472 1294 3526 verpere
1317 3451 1393 3512 ΝΜ»

335 3531 401 3587 turi’
417 3533 487 3603 Lege
504 3551 567 3603 ergo
588 3532 760 3586 FLORALia
774 3533 849 3588 Plio·
892 3547 1075 3606 tempestatem
1088 3533 1258 3606 significat.-
1274 3530 1390 3586 nocua·

331 3615 404 3683 pris's
424 3612 546 3682 Ildpemis
577 3613 670 3666 Veturi
699 3613 847 3668 Suram.-
892 3615 1113 3680 nilimvolnial,
1124 3613 1196 3668 388:
1210 3610 1392 3682 «Subsequitur

334 3710 432 3765 nempe
454 3691 591 3752 Servilius,
613 3694 688 3765 cujus
704 3711 806 3746 nomen
820 3693 849 3748 iu
891 3693 987 3766 rapido
1009 3706 1133 3748 contenta
1157 3693 1288 3748 Canicula
1306 3705 1391 3752 cum

335 3784 410 3841 parte
421 3772 526 3826 nummi
537 3757 628 3843 priore
641 3773 748 3844 legitur.
758 3775 791 3826 ln
804 3759 848 3826 tai-
892 3774 957 3840 Quo
965 3775 1069 3827 nullum
1081 3775 1157 3827 terris
1169 3771 1313 3828 violentius
1324 3766 1391 3822 adae·

334 3849 384 3904 teba
398 3851 586 3906 Venerissunt
600 3852 690 3916 boa-ti,
712 3865 743 3906 ut
757 3854 847 3908 Varro
892 3855 1056 3909 uitaatruua.
1067 3853 1123 3906 Nee
1132 3849 1327 3924 gravinsoedit.
1339 3845 1388 3897 ull

334 3927 400 3983 dicit
412 3929 500 3996 inira,
513 3930 555 3984 tit.
571 3949 597 3984 a.
610 3934 700 3988 Haut).
936 3953 981 4004 ¹7·
1002 3933 1168 3986 Pmooeidere
1181 3931 1331 3987 Cnidu-
1345 3927 1389 3978 ll*

377 4010 567 4080 amliubigalia.
576 4013 677 4080 Varro,
688 4013 839 4085 lib.l,cap.
890 4013 964 4067 tilam
979 4031 1072 4067 canem
1087 4011 1221 4066 immolari
1239 4025 1341 4064 neom
1357 4014 1388 4055 ἄ

304 4115 313 4134 ·
338 4107 367 4152 r,
383 4088 512 4160 Agricult.
526 4093 626 4146 Danau.
884 4091 920 4146 ad
932 4088 1091 4164 planandum
1105 4090 1188 4146 sidus.
1203 4123 1244 4136 -
1265 4091 1319 4142 liae
1333 4100 1387 4138 m
