2925 5009
262 480 334 564 tilrn
659 474 948 548 EXCURSUS

265 594 497 665 incidit,resolrit
506 605 532 649 et
545 591 669 661 discutit3
681 594 786 649 emollit
796 608 822 649 et
831 596 945 659 relsaatr
959 604 1075 649 maturat
1086 606 1114 647 et
1125 595 1335 668 suppurationem

265 699 413 763 promovet.
425 686 478 737 Diu
493 683 549 738 cuti
562 682 700 737 admotum
714 684 787 737 illam
800 685 862 756 pilis
874 683 979 747 nudatt
993 684 1128 756 pruritum
1143 685 1171 737 in
1182 704 1212 739 ea
1224 686 1337 747 excitat,

264 775 389 831 eamdem
402 791 598 845 nonnunquam
617 772 773 826 eslrulcesut
786 784 812 827 et
826 776 854 827 in
875 772 1006 827 vesiculas
1020 773 1134 841 attollit,
1147 774 1170 825 si
1189 791 1283 827 recem
1295 773 1341 833 sit,

264 878 291 919 et
301 864 441 918 tenerioris
451 864 486 917 sit
501 873 611 915 texture
627 878 700 913 carn.
713 860 836 915 Perinsro
851 862 1019 934 applicatum
1031 859 1067 915 ad
1084 879 1211 916 venerem
1228 860 1342 933 quando·

263 972 317 1025 que
330 952 460 1026 proritat;
473 966 671 1022 nonnunquam
681 950 841 1021 exstinguit,
860 948 990 1004 harumce
1005 950 1122 1021 partium
1141 969 1237 1005 seusus
1255 964 1342 1021 stupe·

264 1038 398 1094 iaciendo.
414 1040 491 1110 supe
509 1048 618 1091 externe
636 1035 776 1089 admotum
796 1055 920 1109 soporem
943 1036 1065 1101 inducit,
1088 1050 1114 1091 et
1129 1039 1238 1092 dolores
1254 1037 1342 1101 sedat,

263 1129 325 1182 licet
338 1128 367 1181 ht
379 1126 494 1179 effectus
505 1122 653 1179 admodum
666 1124 764 1177 incerti
783 1126 845 1178 sint.
864 1124 967 1196 Capitis
981 1126 1082 1179 suturis
1095 1126 1264 1199 applicatum
1278 1144 1343 1179 non-

264 1232 404 1287 nunqnsan
418 1212 565 1267 interimit:
577 1230 674 1266 nervos
686 1214 810 1280 relaxat,
826 1227 964 1286 stuporem
981 1224 1007 1267 et
1026 1215 1172 1286 paralysim
1188 1214 1302 1269 inducit.

300 1303 402 1375 Opinrn
424 1303 498 1353 intus
512 1300 644 1364 sumitur,
667 1300 710 1352 rel
728 1302 800 1372 justa
815 1300 890 1361 rlosi,
908 1302 950 1355 vel
971 1300 1061 1355 nimis.
1077 1304 1153 1356 Justa
1175 1302 1248 1357 doris
1266 1320 1344 1374 graus

266 1391 323 1445 duo
333 1390 377 1443 rel
391 1390 442 1443 tria
459 1407 521 1442 raro
533 1398 655 1459 superat,
665 1388 728 1441 licet
742 1406 937 1463 nonnunquam
951 1388 985 1443 ad
1003 1389 1159 1445 drsclrmm
1175 1410 1257 1445 unam
1270 1404 1296 1443 et
1308 1392 1345 1443 nl·

265 1492 306 1533 tra
319 1475 484 1532 extendatur.
502 1474 652 1531 Substantia
673 1476 726 1530 sub
743 1477 888 1549 pilularum
906 1476 994 1532 lormu
1017 1479 1178 1543 exhibetur,
1194 1480 1236 1534 rel
1251 1481 1345 1551 quovis

266 1568 372 1639 liquore
393 1564 660 1618 dissolutum.1ntra
680 1564 764 1617 breve
785 1564 916 1638 epatium,
929 1577 1071 1639 postquam
1092 1580 1262 1641 assumptum
1278 1568 1345 1629 l'uit,

266 1653 452 1726 operationem
465 1668 539 1705 snam
555 1652 652 1705 exserit
665 1672 675 1719 ς
691 1651 832 1706 semihorse
845 1653 964 1717 circiter,
979 1653 1001 1706 ai
1014 1651 1193 1721 dissolutum
1206 1670 1235 1709 et
1246 1656 1345 1729 sesqui-

266 1744 340 1797 lroru
365 1740 426 1809 plus
451 1740 574 1793 minusve
586 1736 604 1803 ,'
621 1739 644 1792 si
667 1740 718 1792 snb
743 1740 826 1793 lorma
852 1740 935 1794 solida
956 1740 983 1793 in
1010 1742 1196 1797 ventriculum
1221 1742 1345 1814 injectum

266 1830 356 1884 tuerit.

302 1918 397 1971 Debita
414 1915 474 1971 dosi
485 1916 637 1970 exhibitum
648 1915 793 1988 qnamdam
806 1918 876 1970 circa
890 1916 1040 1989 precordia
1052 1928 1155 1990 gratam
1170 1918 1344 1972 sensationem

267 2006 385 2060 excitat:
398 2007 519 2058 animum
533 2004 568 2057 ad
586 2004 747 2058 hilaritatem
771 2020 926 2077 promovet,
939 2007 1006 2060 sicut
1018 2006 1048 2059 fir
1065 2026 1098 2059 ex
1111 2006 1219 2061 modica
1234 2006 1290 2061 riui
1303 2027 1345 2079 po·

266 2095 388 2148 tatione:
401 2112 481 2149 cums
492 2104 518 2146 et
531 2092 685 2147 mortitium
697 2108 833 2159 removet,
847 2112 916 2168 supe
931 2094 1050 2148 animum
1069 2094 1106 2149 ad
1126 2114 1176 2150 sua
1188 2097 1281 2149 mursia
1298 2097 1344 2149 oh·

268 2180 360 2234 eunda
380 2181 537 2234 alacriorem
562 2198 594 2233 ac
615 2182 777 2252 vegetiorem
794 2181 895 2245 reddite
920 2184 992 2235 unde
1014 2180 1147 2250 audacia,
1165 2184 1208 2237 sui
1231 2184 1344 2244 fiducia,

267 2266 413 2327 fortitudo,
434 2267 637 2339 magnanimiter
658 2280 685 2321 et
706 2269 889 2339 periculorum
905 2282 1076 2343 contemptus
1089 2285 1119 2327 ut
1134 2271 1288 2343 plurimum
1308 2290 1346 2325 se

268 2368 399 2427 quuntur.
416 2354 483 2409 Eam
497 2355 606 2409 obrem
627 2356 722 2409 Turce
741 2356 829 2429 ampla
848 2358 905 2431 ejus
922 2356 981 2411 dori
1003 2376 1060 2412 sese
1073 2357 1108 2412 ad
1122 2359 1243 2431 prelium
1261 2359 1345 2413 acciu·

266 2455 342 2515 grant.
356 2442 499 2515 Sanguinis
510 2452 538 2497 et
553 2442 699 2515 spirituum
716 2459 810 2499 motus
824 2446 922 2499 efferos
941 2446 1105 2519 compescit,
1118 2445 1229 2501 dolores
1248 2447 1345 2501 demul-

268 2542 324 2593 cet,
337 2548 436 2603 corpus
460 2530 596 2584 laboribus
619 2546 758 2602 graratnm
773 2532 911 2599 sublevat,
933 2532 1143 2607 haemorrhagiae
1164 2536 1202 2588 ab
1220 2548 1346 2590 estuante

270 2619 401 2690 sauguine
414 2616 544 2671 oriundas
558 2618 626 2671 sistit
639 2630 769 2673 :ceteras
788 2621 974 2675 arcuationes
988 2620 1081 2675 saltem
1092 2640 1142 2694 per
1153 2637 1263 2695 tempus
1275 2623 1344 2677 colri-

270 2714 333 2771 bet,
349 2708 465 2780 exceptio
484 2705 632 2761 sudoribus
651 2718 678 2759 et
691 2706 840 2761 insensibili
856 2708 1077 2781 transpiratione3
1094 2710 1229 2765 lateeuim
1240 2730 1344 2784 promo·

271 2809 336 2853 ret:
347 2795 504 2850 arteriarum
518 2794 627 2866 pulsum
648 2811 790 2866 magnum,
810 2796 910 2849 elatum
925 2809 951 2851 et
962 2796 1073 2851 tardum
1093 2798 1191 2864 elficit,
1204 2800 1260 2853 oris
1278 2800 1345 2853 sicci·

272 2896 356 2940 tstem
372 2883 452 2937 sliert
465 2900 472 2935 :
485 2882 515 2934 in
531 2892 594 2934 cute
607 2880 735 2935 ruborem
749 2894 775 2935 et
788 2884 874 2938 levem
885 2884 1019 2957 pruritum
1030 2884 1126 2941 excitat
1137 2904 1146 2939 τ
1156 2906 1249 2941 semen
1257 2898 1346 2960 anget.

274 2985 303 3027 et
323 2988 468 3024 reuereum
491 2967 639 3040 appetitum
661 2969 795 3033 stimulat,
811 2972 959 3041 pracsertim
981 2972 1004 3024 si
1022 2972 1096 3046 largn
1117 2973 1176 3028 dosi
1198 2975 1344 3029 hauriatur.

275 3063 405 3132 Maiorem
415 3056 543 3111 ellectum
553 3055 661 3109 sortitur
672 3058 700 3109 in
712 3056 800 3112 calida
811 3068 838 3111 et
850 3058 964 3113 humida
983 3070 1153 3133 tempestate,
1172 3075 1199 3117 et
1211 3064 1240 3115 in
1254 3082 1344 3135 corpo·

275 3148 353 3202 ribus
364 3146 470 3201 laxioris
483 3156 607 3210 texture,
619 3156 649 3198 ut
661 3144 690 3198 in
710 3144 868 3201 mulieribus
880 3158 907 3201 et
922 3148 1078 3204 infantibus.

312 3235 366 3287 atii
384 3232 496 3306 quidem
513 3243 578 3285 sunt
591 3232 725 3298 effectus,
740 3234 787 3305 qni
801 3235 894 3307 opium
911 3238 983 3307 justa
997 3234 1056 3290 dusi
1074 3251 1213 3310 sumptum
1225 3240 1345 3312 frequen·

276 3324 378 3377 tissime
389 3331 551 3393 sequuntur,
573 3320 636 3373 licet
655 3339 715 3374 non
735 3333 897 3377 cunctanter.
919 3323 964 3377 ste
978 3342 1102 3397 soporem
1114 3328 1211 3399 sepius
1228 3326 1345 3391 inducit,

278 3410 327 3465 sed
349 3428 405 3463 nou
429 3425 550 3480 sempert
573 3407 682 3480 quidam
704 3408 775 3463 enim
795 3412 830 3465 ab
850 3424 988 3484 assumpto
1005 3412 1072 3485 opio
1094 3414 1183 3469 minus
1204 3414 1345 3469 dormiunt.

277 3498 385 3556 Somnia
403 3509 479 3569 grata
496 3514 528 3549 ac
543 3498 706 3570 jucundant
725 3500 873 3571 plurimum
888 3514 1039 3573 provocat:
1054 3502 1185 3557 vomitum
1205 3518 1232 3558 et
1252 3506 1347 3579 singni-

278 3600 335 3641 rnm
349 3583 439 3649 sedat,
448 3581 612 3656 quaudoque
623 3584 734 3649 excitet,
753 3585 821 3641 sicut
834 3600 862 3641 et
875 3606 1005 3661 spasmos,
1020 3600 1047 3642 et
1059 3591 1231 3645 convulsiroe
1244 3606 1344 3647 motus:

279 3673 425 3729 tardiorem
447 3670 531 3725 ellicit
548 3671 577 3723 iu
595 3672 746 3725 ventriculo
758 3672 881 3728 ciborum
899 3675 1116 3729 concoctionems
1129 3678 1254 3733 ciborum
1272 3700 1345 3753 appe·

278 3763 388 3819 tentiam
410 3759 524 3813 minuit:
541 3758 655 3815 sudores
678 3764 796 3817 excitat:
811 3764 983 3819 muliebrium
1006 3778 1222 3833 menstruorum,
1243 3784 1271 3823 et
1293 3782 1347 3843 post

278 3863 386 3925 partum
399 3865 602 3920 suppressamm
612 3866 630 3901 s
643 3848 772 3904 librarum
783 3850 926 3907 eretlrismu
939 3864 965 3907 et
976 3853 1150 3909 convulsione
1163 3858 1346 3929 purgationum

280 3939 382 3993 fluxum
392 3952 584 4009 nonnunquam
596 3951 737 4010 promovet
746 3960 754 3993 r
764 3940 891 4012 placente
900 3942 1097 3997 evacuationem
1107 3944 1253 4017 aliquando
1258 3950 1345 4019 jurat:

280 4026 449 4082 erenularnm
474 4036 502 4077 et
524 4025 692 4079 calculorum
711 4028 859 4101 expulsioni
884 4048 954 4102 sape
976 4028 1129 4085 conducit:
1149 4032 1348 4106 haemorrhagias

280 4114 410 4189 quasdam
429 4111 558 4166 cohibet:
579 4113 619 4167 lac
642 4114 777 4169 nutricum
802 4130 897 4189 auget:
912 4136 1087 4174 mammsrum
1105 4120 1347 4182 intumescentium,
