2925 5009
434 501 709 572 EXCURSUS
737 500 809 570 IlI.
1086 497 1157 592 473

118 619 150 674 3·
160 621 304 691 Postquam
315 616 453 672 radicibus
468 636 543 672 mors
553 631 616 672 octo
629 617 672 671 rel
681 616 776 670 decem
791 615 897 670 dierum
902 633 960 688 pro
972 613 1158 686 recuperando

80 726 166 762 succo
177 706 281 760 indulte
298 717 356 772 est,
368 703 404 758 ad
418 723 517 759 noram
528 723 641 760 messem
657 705 754 758 iterum
766 703 955 775 auspicandum
969 700 1110 762 accedunt,
1122 699 1155 754 sd

83 797 193 852 radices
209 796 302 868 peirn·
316 795 426 862 classim
443 794 604 868 remotisque
625 793 788 848 umbraculis
809 804 835 847 et
852 791 1048 866 impedimentis
1065 801 1158 856 terre,

39 941 41 943 ,
81 905 154 940 nora
166 885 302 956 colligitur
317 884 452 956 lacryma,
471 883 639 956 ehscissoque
651 900 758 936 summo
770 881 911 946 orbiculo,
930 881 1068 934 vulneruta
1082 879 1158 932 radix

81 973 175 1028 herbis
189 973 325 1046 operitur.
335 971 447 1025 Postero
463 969 508 1024 die
530 969 675 1026 secundam
691 971 802 1024 ciatrem
820 969 939 1034 adeunt,
957 980 983 1022 et
995 967 1034 1022 sic
1050 967 1158 1022 alternis

81 1061 178 1115 diebus
194 1059 288 1114 eedem
302 1059 423 1132 operstio
434 1079 483 1132 per
495 1071 549 1113 tres
566 1059 636 1130 vices
648 1059 676 1112 in
686 1057 779 1113 eadem
793 1057 882 1112 redice
895 1057 1050 1124 instruitur,
1059 1074 1090 1110 uc
1099 1069 1158 1110 tsn-

81 1148 145 1202 dem
155 1148 261 1202 radices
278 1147 369 1201 duno
386 1160 519 1220 cooperte
533 1148 731 1220 relinquuntur.

116 1236 147 1301 4⁰
159 1237 263 1290 Exacto
276 1234 350 1289 domi
367 1234 474 1300 uidno,
487 1235 644 1290 collectores
657 1234 692 1289 ed
705 1233 809 1290 radices
823 1233 936 1288 redeunt
944 1249 953 1297 3
965 1245 991 1288 et
1009 1231 1094 1286 stuba
1112 1249 1156 1285 ra·

80 1326 173 1380 &cum
192 1325 291 1379 chm
312 1335 353 1377 ter
374 1324 483 1378 alternis
501 1324 594 1378 diebus
612 1337 778 1378 resecantur.
799 1322 920 1394 Denique
942 1322 1058 1376 aecfione
1075 1320 1156 1374 inter·

80 1413 176 1476 minsa,
188 1411 310 1466 redicum
323 1411 443 1485 reliquia
461 1431 516 1466 uon
535 1422 633 1484 opert·
647 1411 847 1484 relinquuntur,
867 1411 951 1464 libero
968 1409 1023 1463 aeri
1035 1419 1063 1463 et
1075 1407 1158 1462 radiis

80 1500 216 1554 solaribus
228 1499 371 1570 exposite,
383 1510 409 1551 et
424 1499 498 1554 breti
507 1498 730 1553 intermoritura:
743 1499 781 1554 sic
793 1499 931 1571 llingiiers
949 1497 1041 1552 messis
1053 1507 1083 1548 nt
1096 1497 1155 1567 plu·

80 1589 181 1642 simum
199 1588 355 1642 absolvitur.
372 1587 443 1640 Nam
455 1589 477 1641 si
492 1587 597 1642 radices
613 1587 788 1660 grandiores,
808 1587 838 1642 id
853 1599 906 1654 est,
918 1585 1061 1640 ricenariis
1071 1585 1155 1656 majo·

81 1696 124 1731 nes
134 1676 322 1748 reperiantur,
333 1693 389 1729 non
402 1687 458 1730 tam
472 1675 527 1730 cito
538 1675 724 1744 dimittuntur,
736 1675 789 1729 nisi
799 1687 939 1748 postquam
954 1675 1010 1728 iere
1021 1671 1156 1726 exhauste

81 1765 193 1820 tuerint.

115 1852 200 1906 Prisci
213 1850 312 1906 medici
326 1852 424 1907 multus
439 1869 467 1909 et
488 1853 628 1927 preclaras
644 1852 755 1908 virtutes
772 1851 849 1906 Isseri
865 1851 1019 1906 tribuerunt
1029 1869 1037 1903 r
1047 1861 1156 1904 uerrunt

81 1940 150 1994 illud
164 1940 239 1994 intus
250 1951 386 2013 sumptum
399 1941 516 2016 paralysi
529 1953 556 1995 et
567 1960 710 1996 nervorum
724 1940 795 1994 vitiis
810 1940 927 2004 mederi,
946 1957 1049 1992 menses
1061 1951 1087 1991 et
1102 1939 1156 1992 uri·

81 2047 146 2082 nant
160 2028 252 2094 ciere,
268 2029 435 2082 concoctioni
451 2029 573 2082 ciborum
590 2027 735 2101 plurimum
751 2029 886 2096 conferre,
902 2039 1019 2081 mentem
1031 2026 1066 2078 ab
1083 2025 1158 2098 egri-

82 2115 179 2170 tudine
196 2133 333 2182 recreare,
358 2133 459 2169 venene
485 2117 601 2170 telorum
623 2126 650 2169 et
670 2127 825 2188 serpentum
839 2115 1024 2187 exstinguere,
1042 2130 1157 2184 corpora

81 2204 284 2276 pinguefacere,
302 2203 372 2276 pesti
390 2215 417 2257 et
429 2203 552 2276 malignis
566 2203 666 2260 morbis
679 2203 793 2268 mederi,
807 2203 943 2278 hydropi,
964 2203 1060 2265 ictero,
1080 2201 1155 2274 pleu-

81 2292 176 2352 recidi.
195 2293 422 2346 contractionibus
429 2293 617 2366 spermodicie,
626 2293 760 2356 ssthmsti,
776 2281 944 2364 respirutioui
957 2290 1077 2353 difficili,
1090 2289 1155 2344 tussi

82 2393 108 2436 ct
118 2379 262 2435 raucediui
279 2381 419 2445 conferre;
437 2393 546 2436 externe
563 2379 709 2436 admodum
722 2382 806 2435 lienes
818 2379 943 2434 tumidos'
952 2380 1098 2444 resolvere,
1109 2378 1154 2445 nd7
1251 2389 1255 2404 ·

81 2481 188 2523 motum
204 2469 291 2524 rulrn
305 2487 410 2524 meuses
433 2489 557 2536 morere,
579 2469 681 2543 pedum
699 2470 786 2524 claros
804 2470 875 2524 ierro
892 2467 1155 2524 circumscariiicetos

82 2560 195 2613 mistum
209 2575 277 2612 cere
288 2557 443 2620 extrahere,
457 2560 593 2614 venenetis
605 2558 777 2626 vulneribus,
789 2558 944 2612 animalium
964 2568 1155 2612 venenatorum

19 2651 24 2656 “
82 2649 201 2710 ictibus,
223 2646 381 2701 hulceribus
399 2666 455 2701 nou
467 2647 728 2714 maturescentibus,
751 2647 922 2702 carbunculis
946 2645 1156 2700 excrescentibus

83 2737 153 2790 circs
165 2735 271 2796 aedem,
287 2734 439 2808 podagricis
459 2735 597 2790 doloribus
615 2749 641 2791 et
652 2737 822 2790 rheumaticis
834 2735 978 2808 planmum
992 2733 1153 2788 conducere.

116 2823 232 2878 Gercius
240 2825 277 2878 sb
288 2824 375 2878 Horto
388 2837 414 2878 et
424 2823 467 2878 alii
480 2837 601 2880 usserunt
620 2825 726 2879 nullum
744 2823 972 2880 medicamentum
985 2823 1094 2895 simplex
1105 2840 1155 2894 per

84 2923 166 2967 tetam
179 2909 288 2966 ludium
303 2913 406 2984 majore
418 2912 448 2965 in
463 2931 514 2966 usu
527 2931 584 2967 esse
602 2931 684 2985 quem
703 2912 820 2967 loetidum
838 2931 941 2979 suem,
957 2923 1015 2966 turn
1029 2911 1058 2964 in
1072 2909 1154 2964 rnedi-

84 2999 158 3061 cina,
181 3011 241 3053 tum
257 2998 286 3051 in
311 2997 470 3054 condiendis
490 3000 567 3055 cibis.
586 2999 651 3054 Eum
671 3001 742 3054 enim
764 3000 850 3054 solent
871 2999 934 3053 Indi
954 3000 1010 3053 iere
1024 3015 1116 3052 omues
1129 3009 1156 3052 et

83 3087 231 3158 praetim
253 3087 391 3141 Bnneaues
408 3088 463 3141 suis
484 3087 593 3158 jusculis
613 3099 642 3140 et
666 3087 784 3141 oleribus
803 3087 991 3149 commiscere,
1009 3086 1155 3141 confricato

84 3176 204 3247 primum
217 3194 252 3228 ex
269 3193 301 3228 ee
314 3174 401 3230 lebete
411 3195 419 3243 ς
431 3195 483 3230 nec
497 3176 550 3230 elio
572 3176 744 3232 condimento
761 3187 874 3244 utuntur
892 3177 1017 3230 omnibns
1033 3177 1062 3229 in
1080 3175 1155 3230 cibis.

84 3264 201 3319 Sumunt
213 3282 321 3337 quoque
339 3249 427 3318 eseam
448 3277 585 3338 tamquam
607 3265 832 3320 medicementum
847 3264 882 3318 nd
904 3265 1002 3338 dejecti
1021 3265 1156 3337 appetitus

85 3352 191 3408 fastidia
201 3351 336 3419 tollendo,
352 3352 520 3408 stomachum
540 3353 725 3408 robor-endum
737 3392 745 3421 ,
755 3351 832 3408 ilntus
846 3352 1028 3408 discutiendos
1039 3366 1066 3406 et
1078 3373 1156 3407 rene-

85 3461 143 3495 rem
154 3438 334 3494 excitandum.

118 3530 239 3584 Gelonus
254 3540 362 3595 tumen,
381 3529 427 3583 lib.
439 3530 509 3583 VIII
524 3529 560 3584 de
572 3529 664 3602 Simpl.
687 3547 780 3583 omues
798 3528 889 3602 silphii
907 3541 994 3602 per-tes
1014 3527 1157 3584 flutulcntte

86 3617 206 3672 essenti·
218 3635 275 3670 esse
293 3617 463 3688 pronuntiat,
479 3635 513 3670 ac
530 3616 644 3690 proinde
664 3628 744 3672 coctu
763 3615 905 3686 difficilem
926 3618 990 3671 ioris
1003 3629 1092 3670 tumen
1105 3617 1158 3670 im·
1223 3647 1227 3651 ·

86 3706 184 3778 positus
201 3706 307 3777 corpori
326 3706 491 3761 efficaciores
505 3723 563 3762 esse
578 3719 605 3760 et
624 3707 796 3780 potissimum
809 3725 935 3771 succum,
954 3707 997 3760 cni
1010 3705 1158 3760 admodum

85 3793 262 3849 attrahentem
271 3794 425 3848 fucultatem
436 3794 529 3848 tribuit
538 3833 547 3858 ‚
556 3808 585 3850 et
601 3807 727 3867 pretereo
740 3795 793 3850 rim
806 3795 997 3850 excrescentirs
1006 3795 1158 3849 emolliendi

86 3895 114 3937 et
123 3880 255 3955 liquandi.

121 3970 226 4024 Plinius
241 3989 350 4043 qnoque
369 3971 436 4026 leaer
457 3991 519 4027 cnm
533 3970 600 4027 cibis
617 3972 726 4026 mistum
746 3973 865 4028 difficilis
882 3973 1012 4026 coctionis
1029 3986 1155 4027 sccusrt:

87 4057 234 4114 inflationes
256 4072 283 4112 et
298 4070 391 4113 ructus
413 4060 580 4133 producere,
599 4073 626 4115 et
644 4062 729 4115 urion
748 4061 856 4116 noxium
873 4079 930 4115 esse
947 4059 1021 4116 dicit.
1044 4062 1159 4136 Insuper

88 4145 160 4205 illiue
173 4164 252 4204 utum
268 4147 298 4200 in
318 4146 469 4220 odonQiu
484 4148 575 4217 timet,
590 4165 688 4220 magno
706 4149 887 4222 experimento
909 4149 1022 4204 hominis
1034 4149 1080 4222 qui
1093 4167 1160 4203 seen
