2925 5009
419 471 579 539 ntnnn
606 471 760 540 xvtn.
1053 469 1129 566 269

70 605 209 690 bomini,
222 617 258 672 ut
275 602 374 672 etium
392 602 493 673 boum
512 603 586 671 vice
601 601 769 696 fungatur.
782 601 883 671 Certe
896 603 965 671 sine
978 603 1045 673 hoc
1059 605 1129 672 uni·

71 709 150 779 rnuli
171 725 329 779 montanee
349 724 463 804 gentes
488 706 625 779 sarculis
645 709 781 779 urunt²⁰.
799 712 938 792 Arutor,
963 710 1058 778 nisi¹¹
1074 711 1127 778 in·

70 841 208 894 utrvus,
227 816 470 911 praevaricatur.
489 814 572 885 lnde
590 813 786 884 translatum
800 814 868 884 hoo
886 815 1014 884 crimen
1030 816 1065 884 in
1082 816 1131 885 lo-

70 947 154 992 rum.
181 922 228 990 lbi
256 922 415 1016 itaque²²‚
446 935 603 991 caveatur
629 921 688 990 ubi
716 923 889 990 inventum
918 934 977 989 est.
1007 921 1131 1016 Purget

70 1053 230 1098 vomerem
245 1027 385 1098 subinde
401 1025 553 1096 stimulus
567 1026 759 1122 cuspidatus
774 1015 893 1096 rullo'³.
906 1019 1074 1096 Scamnu¹⁴
1085 1029 1131 1095 in

68 1150 118 1204 ter
130 1134 211 1210 duos
221 1133 330 1203 sulcos
343 1132 447 1203 cruda
465 1157 507 1202 ne
518 1131 760 1227 relinquantur,
776 1131 881 1227 glebae
892 1157 936 1200 ne
954 1130 1127 1202 exsultent.

69 1239 156 1310 Male
172 1225 312 1309 uratur²⁵
330 1263 469 1318 arvum,
489 1238 581 1333 quod
598 1241 675 1308 sutis
689 1238 841 1335 frugibus
862 1237 1048 1308 occandum
1070 1255 1128 1308 est.

69 1346 105 1415 ld
116 1335 278 1416 demum²⁶
293 1361 384 1416 recte
397 1345 571 1415 subactum
586 1345 665 1430 erit,
682 1345 740 1414 ubi
754 1369 823 1413 non
838 1342 1039 1438 intelligetur
1054 1358 1131 1414 utro

71 1477 179 1521 vomer
200 1453 283 1522 ierit.
308 1455 350 1520 ln
374 1475 436 1520 usu
458 1464 560 1521 estet
580 1449 754 1522 collicias²⁷
777 1453 1008 1545 interponere,
1036 1452 1063 1519 si
1086 1452 1132 1520 itu

71 1557 157 1629 locus
169 1572 295 1653 poscat,
306 1555 469 1652 ampliore
482 1556 587 1642 sulco,
600 1581 674 1652 quae
683 1558 717 1626 in
731 1556 965 1651 lossusaquani
980 1555 1132 1626 educant.

105 1743 146 1778 no.
153 1723 261 1778 ὃακιιϋι
267 1736 348 1777 arant.
355 1725 394 1778 Ut
401 1735 464 1777 tute
472 1722 575 1778 dietum
619 1722 770 1778 euveudurn
783 1740 839 1776 esse
856 1721 979 1794 precipit
990 1722 1035 1775 lex
1053 1724 1134 1777 rusti·

26 1821 27 1824 ’
73 1815 185 1876 est‚oep.
200 1803 344 1858 rbffiub.
619 1802 1133 1866 cadouinttaevoeeutitnrcotumettn,

107 1902 151 1938 st.
166 1883 275 1942 Amin,
295 1885 350 1937 sabi.
362 1882 502 1937 Proverbii
515 1900 576 1954 spe·
619 1883 665 1946 11,
683 1901 715 1948 a,
731 1894 762 1935 ut
774 1882 855 1953 paulo
865 1893 927 1934 aute
939 1881 1095 1944 retulimus,
1106 1895 1134 1936 et

71 1981 145 2096 “Ceed‘d
166 1961 576 2114 zqaffiffibffpssqupd
619 1961 1027 2094 ὼξιόἛῖαῗαῖἔΰοΙηω.
1040 2041 1084 2107 11,
1097 2049 1127 2104 4:

71 2122 144 2175 reiut
157 2122 279 2176 Plinius:
293 2121 406 2185 Arator,
421 2120 473 2172 nisi
484 2121 575 2175 iucur-
622 2145 634 2168 ι
649 2118 702 2174 Sed
713 2132 740 2173 et
749 2120 933 2191 compluribus
944 2119 1132 2174 iterationibus

73 2219 130 2268 rus,
160 2201 359 2272 prevaricator.
394 2199 520 2271 Pracipit
547 2213 578 2253 ut
619 2199 657 2253 sio
670 2200 819 2253 resolvatur
830 2209 985 2252 vervactum
998 2198 1026 2251 iu
1040 2199 1134 2270 pulve-

74 2293 154 2334 srator
164 2299 260 2334 arvum
276 2281 395 2351 primum
407 2280 486 2332 rectis
497 2279 577 2333 sulcis
619 2297 691 2343 rem,
714 2291 747 2332 ut
758 2278 802 2331 rel
814 2277 932 2346 nullum,
953 2276 997 2330 vel
1012 2277 1133 2349 exiguam

74 2358 214 2429 praecindat
230 2379 238 2412 ι
253 2379 316 2414 mox
333 2373 360 2412 et
375 2359 492 2430 obliquis
504 2359 578 2412 aubi·
620 2356 752 2411 desideret
765 2357 941 2422 ouationem,
958 2375 1042 2428 quum
1054 2359 1134 2410 umi-

73 2451 124 2508 pt:
138 2438 165 2492 id
185 2439 245 2493 fleri
265 2439 312 2492 rix
329 2450 433 2510 potest,
455 2439 506 2491 nisi
520 2449 578 2492 toto
619 2438 780 2490 naver-iuius.
802 2436 871 2490 Nem
894 2448 996 2489 veteres
1019 2437 1133 2490 Romani

74 2519 328 2589 mrporeincuutbat
344 2517 442 2580 labori,
463 2515 579 2570 undeet
620 2513 746 2570 dixerunt
766 2516 837 2569 snale
859 2515 997 2568 subactum
1018 2533 1132 2586 agrum,

76 2597 179 2668 Virgilio
190 2597 279 2651 dictus
289 2615 374 2650 currus
387 2607 479 2648 arator.
495 2597 579 2650 Carte-
620 2594 668 2667 qui
679 2596 741 2649 sutis
752 2594 873 2666 frugibus
884 2585 1067 2648 ooeandus'sit.
1077 2619 1090 2643 ι
1100 2595 1134 2647 Η.

74 2694 127 2730 tunt
138 2678 308 2747 prunrioari
323 2688 363 2730 est
381 2693 396 2728 a
411 2687 485 2729 recto
504 2675 578 2729 sulco
662 2679 707 2730 26.
721 2675 860 2728 Iddemm.
872 2674 1040 2728 Colum.l.c.
1054 2700 1065 2722 ι
1075 2673 1136 2726 Pin-

76 2753 205 2810 dirertere.
221 2756 304 2810 Unde
318 2767 346 2809 et
363 2755 390 2808 in
407 2756 491 2808 nnsis
509 2772 579 2826 pre·
621 2772 685 2826 gues
698 2755 786 2827 campi
803 2766 856 2807 tarn
873 2753 1057 2825 frequentibus
1067 2752 1136 2807 deu·

76 2836 176 2890 urioeri
194 2834 337 2899 dicuutur,
357 2834 404 2906 qui
418 2853 524 2888 usuam
536 2833 578 2887 di·
621 2834 710 2905 sisque
728 2834 808 2887 sulcis
830 2830 922 2886 arandi
946 2843 1022 2896 suut,
1041 2845 1073 2884 ut
1091 2835 1135 2886 ris
1225 2838 1227 2841 ’

77 2932 165 2968 versem
178 2914 318 2986 adjurant.
327 2913 462 2967 Videlicet
475 2915 529 2967 boo
541 2925 580 2967 est
622 2911 826 2984 dignoscutdrin
835 2925 923 2966 utram
931 2924 1035 2983 partem
1041 2931 1135 2965 vomer

77 2993 258 3068 illudquoduit
265 2994 385 3048 Plinius:
400 2991 489 3046 elude
498 3004 581 3046 trtns·
621 3005 696 3046 actus
713 2993 771 3046 sit:
791 2992 918 3062 quonism
932 2992 970 3044 sic
990 3009 1083 3044 ornnes
1096 3011 1137 3048 rs·

77 3073 148 3126 latuur
161 3075 214 3128 boe
228 3072 370 3128 enimenin
383 3072 483 3126 iorum.
496 3097 508 3119 ι
524 3073 559 3126 Η.
623 3069 695 3125 dioes
718 3071 862 3125 herbarum
884 3081 1021 3142 perruptae
1040 3087 1138 3124 necru-

112 3172 151 3208 n.
170 3155 212 3207 Ibi
237 3157 327 3225 ireque.
351 3154 384 3204 Iu
407 3171 486 3224 agro,
508 3149 580 3204 unde
623 3163 703 3204 tur.»
724 3151 817 3203 Hiar.

78 3230 197 3288 iuloruru
212 3231 489 3302 muslate'psroernia.
505 3229 539 3283 ll.
667 3247 712 3300 ²7·
729 3231 768 3282 Et
779 3230 894 3282 collicias.
906 3229 937 3282 lu
951 3228 1138 3300 agrisoollieia

113 3313 154 3366 ²3.
179 3312 329 3384 cuspidatus
349 3311 420 3363 rullo.
443 3311 503 3364 lloe
523 3320 579 3375 est,
623 3321 687 3363 aunt
700 3309 769 3362 sulei
781 3309 939 3378 nmpliores,
953 3309 1001 3380 qui
1015 3319 1042 3361 et
1050 3326 1139 3379 poree

79 3390 136 3444 rallo
149 3392 282 3463 prelixus.
307 3391 354 3444 Est
376 3403 465 3444 nutem
483 3389 580 3443 rslluut
625 3387 705 3452 dieti,
720 3407 770 3460 per
780 3405 951 3460 quosaquarn
962 3386 1139 3441 delibrabaut.

79 3467 276 3537 iuramentum,
288 3489 348 3543 quo·
356 3468 461 3522 raditur
474 3487 582 3534 vomer,
626 3469 658 3520 lu
670 3468 783 3522 urbibus
797 3467 925 3530 collicias,
935 3466 992 3521 sire
1005 3466 1138 3531 mulitia,

80 3550 250 3605 etinburente
259 3565 331 3607 terra
341 3549 489 3614 liberatur,
502 3560 582 3620 atque
625 3547 680 3600 sire
704 3546 852 3617 colliquiar,
885 3541 1044 3599 dioebsntur
1074 3547 1139 3599 olirn

80 3641 209 3699 purgatur,
228 3642 260 3683 ut
279 3631 423 3684 Turnebus
442 3626 582 3693 admouet,
625 3626 802 3697 usuales,qui
814 3623 1140 3697 nquamestillieidiode-

82 3705 156 3762 tta.
169 3709 275 3772 mv,
293 3727 318 3762 r.
329 3709 420 3761 Hiar).
627 3704 754 3760 llueuteru
775 3705 953 3777 excipiebant.
975 3705 1141 3769 Colum.11‚

115 3793 157 3850 rt,
179 3789 296 3842 Saum
324 3787 453 3860 Agricola
476 3803 583 3840 scamna
629 3789 667 3840 8:
687 3811 699 3834 ι
717 3783 1141 3855 Csrebitur,utpnteutesliras‚

82 3868 204 3936 tppellaut
225 3865 381 3940 grandiores
402 3867 503 3937 glebas,
524 3883 583 3938 quse
627 3865 792 3936 crebrosque
806 3864 893 3918 sulcos
910 3863 1047 3935 aquarios,
1072 3883 1142 3936 quos

83 3943 155 3999 toleut
178 3949 289 4002 excitari
319 3947 407 4019 prima
439 3944 585 4012 erutione,
626 3944 752 3997 nonnulli
772 3942 851 3997 ebora
867 3956 977 4009 rorant,
1000 3943 1143 4012 feriamus,

82 4037 153 4090 quum
167 4026 196 4080 in
211 4027 342 4098 proscisso
361 4023 477 4080 crudum
497 4024 584 4078 solum
629 4035 656 4077 et
669 4041 777 4076 omnem
792 4023 934 4076 humorem
948 4017 976 4075 iu
991 4023 1143 4096 oolliquius,

85 4097 266 4178 immotumque
286 4105 450 4177 relinquitur
473 4123 480 4156 τ
509 4102 583 4176 quod
628 4115 708 4174 utque
735 4101 798 4156 iude
821 4113 896 4156 entra
916 4113 1016 4174 segetes
1039 4103 1142 4158 derive-
