2925 5009
455 464 613 532 Lissa
649 464 758 532 xlx.
1061 464 1138 551 sos

80 590 176 659 Greci
199 592 317 685 agrion
333 607 472 677 sonant,
495 595 624 665 Pontici
648 618 787 677 amnon,
807 592 862 664 elii
883 593 1140 682 leucen,·nostri

78 699 308 785 armoraciam,
322 697 441 767 fronde
454 702 619 795 copiosius
635 724 739 794 quarn
754 724 906 794 corpore.
924 704 965 769 ln
983 703 1139 773 omnibus

78 816 176 871 autem
203 803 387 897 probandis
414 807 556 876 maxime
586 819 779 901 spectantur
797 806 909 875 caules
931 832 939 874 ε
961 809 1138 877 immitium

78 908 154 975 enim
165 909 379 979 rotundiores
398 913 655 1006 crassioresque,
670 936 709 983 ac
728 912 836 1007 longis
850 912 1029 983 canalibus.
1046 914 1138 985 Folia

77 1014 138 1105 ipsa
156 1016 320 1103 tristiora,
342 1031 375 1087 et
394 1016 524 1113 angulis
544 1017 689 1089 horrida.

119 1120 185 1188 Seri
203 1120 278 1191 vult
292 1121 460 1217 raphanus
476 1138 564 1193 terra
578 1122 704 1204 soluta,
725 1122 874 1193 humida.
894 1127 1025 1193 Fimum
1047 1124 1135 1209 odit,
1152 1140 1171 1205 t

77 1221 159 1315 palea
183 1242 374 1297 contentus.
398 1230 533 1323 Frigore
558 1228 642 1299 adeo
663 1229 805 1324 gaudet,
836 1244 873 1299 ut
897 1232 932 1299 in
953 1233 1137 1303 Germania

76 1328 238 1402 infantium
268 1358 449 1429 puerorum
465 1336 741 1430 magnitudinem
765 1350 882 1429 aequet.
905 1338 1034 1405 Seritur
1061 1352 1137 1432 post

76 1434 139 1505 idus
150 1438 230 1507 febr.
244 1455 284 1508 ut
296 1463 418 1509 vernus
430 1442 489 1509 sit:
509 1443 695 1535 iterumque
705 1441 792 1511 circa
807 1440 999 1512 Vulcanalia
1009 1429 1044 1527 ¹³,
1061 1468 1137 1537 quae

77 1543 147 1611 satio
157 1544 284 1615 melior.
296 1545 395 1615 Multi
407 1560 439 1615 et
449 1548 568 1617 martio
578 1600 587 1633 ‚
599 1562 633 1615 et
645 1545 741 1640 aprili
755 1561 884 1631 serrant,
895 1561 930 1615 et
940 1549 1131 1641 septembri.

76 1646 246 1743 Incipiente
254 1654 474 1739 incremento,
486 1654 614 1725 confert
625 1652 753 1722 alterna
763 1650 841 1722 folia
851 1654 1134 1739 circumobruere,

76 1751 152 1845 ipsos
167 1781 248 1827 vero
265 1746 518 1827 accumulare¹⁴.
531 1758 617 1827 Nam
635 1760 693 1853 qui
709 1743 834 1827 extra¹⁵
848 1772 971 1827 terram
989 1762 1134 1846 emersit,

76 1856 165 1930 durus
182 1862 221 1935 fit
238 1878 342 1958 atque
353 1862 523 1957 fungosus.
540 1862 789 1934 Aristomachus
801 1848 825 1887 ¹⁶
837 1861 968 1933 detrahi
979 1864 1056 1935 folia
1073 1891 1135 1960 per

76 1963 204 2037 hiemem
224 1970 340 2063 jubet3
362 1984 412 2053 et,
434 1994 476 2038 ne
498 1968 623 2041 lacunae
644 1983 816 2064 stagnant,
833 1967 1064 2039 accumulare:
1087 1972 1133 2040 ita

75 2068 104 2136 in
117 2088 258 2144 estatem
278 2074 506 2169 grandescere.
524 2074 668 2165 Quidam
680 2075 870 2168 prodidere,
882 2076 908 2143 si
920 2075 996 2169 palo
1014 2075 1133 2146 adacto
1152 2093 1168 2148 5

76 2198 202 2249 caverna
216 2180 314 2276 palea
328 2183 529 2249 insternatur
541 2206 598 2249 sex
611 2180 790 2275 digitorum
804 2178 996 2264 altitudine,
1015 2181 1134 2252 deinde

76 2280 225 2361 insemen'
235 2286 421 2381 fimumque
436 2299 468 2355 et
481 2302 568 2355 terra
585 2300 803 2381 congeratur,
814 2286 856 2355 ad
871 2286 1130 2381 magnitudinem

75 2391 186 2462 scrobis
208 2418 371 2463 crescere.
402 2394 572 2488 Praecipue
589 2406 699 2461 tamen
729 2389 820 2461 salsis
844 2390 989 2461 aluntur.
1013 2396 1131 2487 ltaque

77 2496 162 2565 etiam
179 2498 303 2567 talibus
320 2500 414 2592 aquis
428 2499 627 2591 irrigantur,
639 2512 673 2565 et
688 2499 720 2565 in
739 2495 913 2590 AEgypto'⁷
931 2499 1021 2567 nitro
1044 2524 1132 2593 span

77 2616 194 2691 guntur,
206 2605 266 2673 ubi
285 2618 363 2673 sunt
383 2606 544 2673 suavitate
559 2603 727 2698 praecipui.
745 2604 786 2669 lu
804 2616 912 2671 totum
927 2627 1061 2697 quoque
1075 2605 1135 2673 sal·

76 2710 176 2801 sugine
188 2708 376 2779 amaritudo
389 2733 505 2778 eorum
525 2710 690 2795 eximitur,
711 2706 861 2801 fiuntque
876 2710 979 2779 coctis
995 2708 1133 2795 similes,

77 2874 113 2929 his
131 2883 269 2951 pretiosior
296 2884 472 2941 armoracia.»
499 2883 575 2939 ltalia
619 2881 794 2947 vulcanalia,
815 2900 900 2953 quum
922 2883 1059 2937 maturina
1082 2883 1134 2938 Sed

78 2973 154 3011 tunm
168 2964 342 3036 antiquaram
353 2976 465 3033 parens,
489 2962 576 3017 adhuc
619 2961 676 3015 bare
691 2961 758 3013 satio
773 2961 829 3013 aine
842 2960 927 3015 dubio
941 2963 1038 3016 melior
1051 2963 1134 3017 habe·

78 3035 209 3094 Arsaorscs'
238 3054 266 3095 et
292 3042 416 3095 fleranlsss'
439 3043 576 3108 nominat,
620 3052 698 3094 turn
716 3038 807 3092 llam.

79 3125 133 3171 teus
146 3121 314 3191 anguillosa,
328 3121 401 3176 Part.
418 3138 447 3189 7,
469 3140 495 3193 p.
512 3140 575 3175 raa.
664 3125 708 3182 rt.
724 3117 793 3188 Ipsos
803 3138 863 3171 aare
873 3120 1032 3174 ncumslsre.
1046 3120 1134 3194 Agge-

80 3188 219 3252 (Caeam
231 3192 399 3269 Armorscs's.)
409 3201 530 3255 Dicaeos.
537 3202 575 3265 11,
619 3216 680 3253 rare
686 3198 1021 3263 rernmatreumtusdere.
1026 3202 1134 3256 Colum.

83 3272 152 3331 138:
175 3270 283 3351 ῥαφανὶς
303 3280 394 3351 ἀγρία,
418 3281 447 3337 ἢν
468 3270 576 3351 Ῥωμαῖοι
620 3279 672 3333 loc.
688 3277 733 3331 cit
750 3276 841 3331 Haeo.

79 3350 212 3427 ἆρμοραῖαν
225 3365 325 3415 καλοῦσι
335 3399 342 3425 ,
353 3371 403 3413 etc.
415 3358 507 3411 llsan.
663 3356 781 3411 saltam
789 3360 915 3428 quiaetrs.
926 3358 1032 3413 Colum.
1040 3357 1134 3414 iisdem

114 3435 155 3488 13.
172 3438 246 3493 Circa
263 3439 420 3491 Valeansls's.
435 3438 577 3493 Columell.
620 3438 726 3501 verbis,
738 3436 758 3487 l.
772 3454 796 3488 c.
810 3436 899 3490 Haan.

80 3509 125 3576 Π,
144 3516 178 3569 3:
200 3545 211 3567 ·
223 3520 356 3573 Caeterum
370 3524 489 3588 Augusto
505 3518 577 3571 circa
663 3520 708 3569 16.
732 3515 922 3569 Aristomachus.
938 3516 1077 3588 Theophr.
1100 3518 1135 3571 de

81 3588 236 3661 vulcanalia,
253 3598 329 3651 tertia
343 3596 410 3650 satio
426 3609 480 3650 est:
494 3614 577 3669 eaque
611 3595 745 3658 (ΜΝ,
759 3594 791 3660 ὅ,
804 3611 863 3665 pag.
879 3596 941 3650 330.
950 3596 1045 3649 lino.

80 3672 168 3740 uum
180 3677 277 3731 radica
296 3672 359 3741 (noc
371 3688 427 3742 aa,
440 3673 576 3746 raphani),
665 3692 709 3742 17·
725 3674 762 3725 nr
776 3676 803 3725 a·
819 3674 941 3748 samu.
955 3674 1075 3739 risurus,
1086 3676 1134 3730 uu

82 3760 103 3801 et
115 3770 193 3825 rape,
208 3760 327 3829 itemque
342 3756 419 3827 napi,
435 3767 462 3808 et
474 3754 578 3819 siseris,
621 3752 732 3819 xxxt,
744 3772 802 3823 oap.
818 3756 873 3816 46:
893 3780 904 3801 ι
915 3753 982 3808 Salis
991 3756 1049 3809 vioe
1059 3768 1136 3810 utun·

82 3840 147 3883 ete..
165 3837 202 3888 Ac
225 3836 314 3890 multo
337 3848 415 3906 post:
435 3834 579 3905 allapbani
622 3844 667 3886 tur
688 3830 722 3885 ad
745 3832 877 3903 raphanos
895 3834 969 3886 nitro
988 3835 1135 3905 AEgyptios

83 3908 147 3964 ndis
163 3914 203 3967 bis
222 3934 292 3969 anno
310 3915 425 3969 seritur:
443 3914 579 3989 februario
623 3910 769 3966 teneriores
782 3928 828 3965 eos
841 3912 921 3966 lacit:
938 3913 1012 3967 olera
1026 3912 1136 3967 viridio-

84 4004 177 4059 Μαι,
193 4014 276 4066 quum
288 4012 400 4048 vernum
412 3993 580 4047 fructumex·
625 4009 671 4045 ra:
689 4014 700 4037 ι
722 3990 769 4043 uhi
787 3991 920 4062 raphanos
944 3991 978 4046 ab
1000 3994 1136 4057 oleribus,

86 4080 231 4136 munus:
241 4086 268 4128 et
279 4074 403 4145 Augusto
411 4090 501 4128 mense
512 4073 581 4129 drea
626 4072 679 4126 hoc
692 4082 747 4139 est,
760 4088 775 4125 a
788 4070 903 4126 brassica
916 4072 1040 4127 secernit.
1055 4072 1088 4143 ll.

922 4164 980 4249 26³
