2925 5009
444 473 596 542 LIBER
623 473 776 542 XVIII.
1071 467 1137 542 251

90 601 231 673 frumeuti
245 603 285 674 fit
301 607 406 678 instar
420 637 428 678 :
443 610 566 704 quippe
580 633 683 704 quum
701 608 890 678 Germanice
903 603 1018 701 populi
1034 619 1146 674 serant

87 731 160 790 catu,
175 735 280 806 neque
294 713 360 784 alia
370 715 462 811 pulte
479 718 602 784 vivant.
618 713 686 784 Soli
702 715 844 784 maxime
856 711 991 807 celique
1003 711 1146 781 hutnore

87 814 143 884 boc
159 821 266 886 evenit
284 821 416 891 vitium.
434 808 653 917 Sequentcm⁴
670 844 804 890 causant
823 819 926 889 babet
940 815 1146 888 imbecillitas

88 922 224 1010 seminis,
239 926 267 994 si
280 925 405 998 diutius
416 943 579 998 retentum
594 941 758 1014 estterra,
769 927 860 1022 prius
870 951 969 1021 quom
979 937 1145 1018 erumpet.

85 1027 196 1096 Eadem
212 1045 263 1100 est
284 1035 385 1120 ratio,
398 1037 424 1104 si
439 1019 625 1104 cariosum⁵
640 1033 719 1116 luit,
730 1059 832 1129 quum
851 1046 1026 1102 sereretur.
1036 1031 1148 1099 Prima

86 1147 184 1203 autern
203 1141 319 1207 statim
338 1143 514 1236 eruptione
532 1141 734 1236 agnoscitur,
746 1165 787 1209 ex
806 1163 873 1234 quo
889 1151 1029 1232 apparet
1042 1137 1078 1205 in
1091 1160 1145 1204 sa·

85 1237 149 1308 dice
167 1267 237 1310 esse
259 1268 406 1316 causam.
425 1251 485 1318 Est
503 1263 537 1316 ct
555 1231 660 1316 aliud⁶
682 1271 723 1316 ex
741 1247 851 1316 vicino
870 1269 983 1314 arenae
1005 1243 1144 1321 vitium,

86 1369 174 1437 quum
189 1348 410 1445 amplitudine
425 1354 579 1424 inchoata
590 1377 730 1449 granum
743 1408 753 1438 ,
767 1352 825 1421 sed
842 1351 992 1420 nondum
1004 1362 1147 1434 matura,

86 1453 166 1542 prius
188 1479 292 1547 quarn
325 1459 502 1529 roboretur
527 1485 668 1554 corpus,
694 1457 809 1528 afflatu
835 1458 935 1527 noxio
959 1479 1089 1526 cassum
1112 1467 1146 1522 et

86 1559 171 1626 inane
188 1561 220 1628 in
239 1565 333 1657 spica
351 1567 518 1636 evanescit
532 1565 677 1660 quodam
695 1564 878 1634 abortiro⁷.

130 1667 226 1735 Venti
255 1658 392 1739 autem⁸
417 1673 522 1742 tribus
543 1672 748 1767 temporibus
770 1684 894 1741 nocent
918 1669 1086 1738 frumento
1112 1679 1179 1734 etv

86 1767 199 1840 hordeo
214 1800 222 1840 :
239 1777 274 1843 in
298 1776 404 1864 flore,
420 1792 477 1847 aut
495 1781 648 1873 protinus
659 1803 763 1873 quum
778 1776 985 1861 defloruere,
1002 1771 1056 1841 rel
1076 1795 1145 1842 rna-

87 1887 238 1949 turescere
262 1882 530 1977 incipientibus⁹.
557 1887 642 1954 Tum
665 1885 752 1953 enirn
775 1878 998 1952 exinaniunt¹⁰
1021 1901 1144 1972 grana:

88 1982 239 2072 prioribus
258 1988 401 2060 causis¹¹
424 1991 514 2061 nasci
531 1991 719 2086 prohibent.
744 1992 854 2060 Nocet
872 2001 906 2058 et
926 1985 975 2056 sol
989 1983 1013 2009 ¹²
1030 1983 1147 2054 creber

88 2090 204 2159 enube.
217 2093 416 2165 Nascuntur
426 2083 449 2121 ¹³
466 2111 501 2166 et
520 2095 692 2166 vermiculi
706 2099 741 2165 in
753 2095 879 2182 radice,
894 2117 997 2188 quum
1016 2113 1146 2160 semen·

88 2285 154 2338 quant
167 2271 195 2324 id
204 2275 385 2348 Theophrast.
397 2275 443 2330 sed
459 2277 494 2330 de
510 2279 587 2332 Cous.
632 2295 742 2342 omncs;
756 2277 808 2330 buc
822 2289 877 2339 est,
890 2273 1006 2347 quodam
1022 2273 1145 2327 abortivo

89 2347 127 2400 lib.
146 2351 191 2414 lv,
207 2373 269 2426 cap.
289 2373 321 2417 s,
343 2357 462 2409 triticnm
485 2371 510 2410 et
525 2358 588 2409 bor·
632 2369 728 2428 partu,
741 2353 858 2427 quodam
871 2356 978 2408 abortu.
994 2355 1086 2408 IIssu.

88 2425 155 2481 deum
174 2433 230 2487 sola
254 2436 285 2488 iu
311 2435 404 2488 lolium
429 2436 589 2508 degenerare
674 2439 701 2491 8.
721 2438 796 2514 (enti
813 2449 901 2487 sutem
923 2435 986 2487 Ilsec
1007 2433 1146 2504 'I'beophr.

90 2509 174 2564 entis.
186 2513 253 2568 Dss.
633 2516 734 2569 llistor.
748 2517 794 2569 lib.
810 2516 894 2580 VIII,
907 2533 966 2584 cap.
985 2532 1026 2565 to.
1041 2513 1075 2565 H.

123 2595 146 2650 I.
166 2590 314 2664 Seqrrentesr.
347 2591 470 2648 &conde
494 2613 587 2660 censa,
674 2615 701 2663 9.
718 2595 880 2648 Motatorem
903 2593 1077 2664 meinbardus.
1092 2593 1146 2644 Au·

93 2685 154 2723 «tut
163 2671 190 2723 in
203 2691 286 2727 evena
302 2693 391 2727 semen
406 2674 561 2746 degeneret,
574 2701 585 2722 ι
631 2688 754 2746 gescente
766 2674 870 2739 fructu,
882 2671 1089 2744 cundpuroptrou
1103 2677 1146 2726 τοῦ

91 2747 163 2802 oritur
179 2769 209 2804 ets
226 2754 408 2808 imbecillitate
423 2755 538 2808 reminis.
553 2755 588 2808 Η.
633 2761 747 2825 areperti:
764 2773 847 2826 quum
868 2773 962 2824 magne
978 2766 1004 2805 et
1018 2751 1147 2805 diuturne

124 2827 147 2879 5·
159 2829 187 2883 Si
198 2839 330 2887 cortbsrsm.
343 2835 371 2886 Si
386 2847 517 2888 vetustum
527 2846 588 2900 ‚aut
633 2833 748 2887 flatuum
764 2836 804 2886 ris
826 2834 916 2887 fuerit.
932 2832 1144 2903 Theophrastus.

92 2921 182 2962 ²¹3qu
196 2913 254 2966 tuit.
272 2914 366 2966 flattu.
634 2916 739 2967 Dauo.
758 2945 795 2957 -
820 2914 870 2965 Vel
882 2926 1046 2966 maturescere.
1062 2902 1094 2966 rb
1112 2919 1147 2979 τῷ

124 2989 146 3040 6.
159 2991 205 3042 Est
218 3005 242 3043 et
262 2994 342 3045 aliud.
360 2993 453 3046 Arena
474 2993 530 3046 brec
544 2993 590 3045 sil·
635 2985 796 3064 sidptirsolst,
814 3013 897 3065 quum
915 3006 1097 3053 crassmunt,
1108 2993 1149 3044 in·

92 3067 171 3122 restris
180 3083 297 3144 estque
306 3071 394 3126 sativae
404 3073 592 3144 similis,aspe·
634 3073 695 3145 quit
710 3073 922 3144 Theophrastus.
939 3072 1032 3127 lisso.

92 3143 163 3200 riores
173 3161 276 3205 tentum
286 3185 294 3212 ‚
303 3153 489 3223 longioresque
500 3153 591 3206 aristas
678 3173 723 3207 ro.
740 3155 907 3206 Erinoninnt.
922 3155 1040 3207 Exsiccst
1051 3164 1078 3203 et
1092 3169 1148 3204 ore·

93 3221 172 3293 lubet,
188 3243 214 3284 et
234 3231 263 3284 in
286 3231 410 3285 folliculis
430 3233 485 3284 fere
500 3233 590 3285 vacuis
634 3233 697 3286 lucit
710 3251 792 3304 granu
806 3233 845 3285 ris
858 3233 931 3286 renti
950 3232 1146 3294 vehementior,

93 3319 168 3359 semen
177 3303 589 3384 etenidnni.DebacVirg.Ecl.
634 3330 692 3383 que
711 3325 775 3366 tunc
790 3313 904 3383 ingruit,
925 3331 1009 3384 quum
1031 3324 1147 3366 mature·

94 3380 172 3456 ν,37,
184 3391 296 3447 cecinit:
312 3391 429 3444 «Iulelix
441 3391 589 3456 lolium,et
635 3409 707 3446 scere
728 3409 758 3445 ea
784 3404 923 3463 coeperunt
946 3413 953 3444 r
981 3395 1085 3465 ξηραίνιι
1105 3392 1148 3444 sei

95 3465 180 3519 steriles
187 3467 360 3524 dominantur
368 3489 481 3524 avenae.-
493 3471 590 3524 «sori-
635 3473 771 3542 ἀφαυαίνει.
785 3473 963 3542 Theophmst.
976 3475 1068 3527 Hssu.

94 3537 347 3617 lutinqoitservius,
358 3549 391 3603 ad
400 3548 590 3604 discretionem
679 3569 720 3604 st.
733 3551 858 3604 Prioribus
868 3557 954 3604 musis.
966 3555 1056 3618 Quum
1067 3553 1110 3604 vel
1119 3552 1147 3604 in

95 3637 186 3690 etrum,
209 3649 269 3701 quse
289 3643 424 3684 seruntur.
437 3659 449 3678 »ι
474 3634 591 3683 Avertam
636 3631 768 3694 flore,vel
776 3633 898 3702 protinus
907 3632 953 3683 ubi
963 3631 1146 3693 defloruerint‚

96 3696 151 3756 lunc
172 3707 238 3762 inter
273 3709 402 3762 frumenti
429 3711 490 3762 vitis
520 3713 591 3764 Naso
637 3712 710 3764 renti
720 3712 930 3764 vehementiores
941 3703 1072 3765 incidunt.
1086 3713 1121 3764 H.

95 3794 186 3854 quoque
203 3801 357 3854 enumeret,
383 3790 481 3843 Fastor.
497 3790 546 3842 lib.
559 3791 591 3856 1,
678 3809 720 3843 rs.
737 3791 816 3842 Nocet
827 3803 851 3842 et
871 3793 915 3844 sol.
928 3792 1148 3863 Theophrastus,

96 3865 391 3930 v·691:·Etcsreant
408 3869 477 3922 loliis
498 3871 592 3924 oculos
635 3871 687 3924 loc.
708 3871 778 3924 citat.
794 3863 918 3924 Ᾰπολὶωσι
938 3868 968 3924 di
988 3872 1031 3924 καὶ
1050 3872 1116 3932 idue
1135 3873 1148 3923 t
1259 3883 1262 3886 ’

97 3938 231 4000 vitiantibus
248 3949 323 4020 agri;
340 3949 396 4002 Nec
411 3949 507 4003 sterilis
520 3951 592 4004 culto
637 3953 759 4020 isrs'pstce
779 3949 868 4020 ἄμφω,
882 3950 1014 4004 lrordeutn
1035 3951 1148 4014 scilicet,

99 4033 257 4091 turgatnena
270 4029 337 4081 solo.
349 4053 360 4074 ι
379 4029 470 4083 Hssn.
638 4031 818 4101 triticumque.
836 4027 927 4084 Hssu.

133 4119 154 4170 7.
177 4107 286 4176 Quodam
312 4107 427 4162 abortire.
456 4112 494 4163 Ita
515 4110 593 4163 MSS.
684 4111 727 4164 13.
742 4111 889 4164 Nascuntur.
917 4113 1007 4164 Altero
1029 4109 1150 4174 rstione,
