2925 5009
89 495 953 520 mmmmmmssfflmmm
959 491 1146 516 mmm

322 681 764 789 EXCURSUS
813 683 902 784 ΙΙΙ

353 919 416 984 DE
442 918 618 986 LASERE
644 916 881 986 VETERUM.

284 1093 357 1138 aas·
371 1090 536 1146 Pliniirerlsa,
552 1092 594 1140 liis.
608 1093 679 1146 xlx,
697 1107 749 1155 esp.
764 1093 807 1147 15,
822 1109 875 1156 pag.
887 1093 950 1152 378:

89 1249 149 1320 Ab
164 1251 215 1322 lu's
228 1256 444 1348 proximum
467 1250 599 1322 dicimr
617 1257 831 1321 auctoritate
847 1253 1084 1322 clarissimum
1106 1249 1153 1319 la-

134 1370 323 1462 serpitium,
331 1363 435 1462 qnod
443 1369 564 1436 Groeoi
575 1365 736 1464 silphion
749 1385 893 1452 vocant,
908 1372 944 1436 in
961 1369 1155 1461 Cyrenaico

128 1484 313 1575 provincia
338 1496 541 1577 repertum:
564 1483 668 1575 cujus
693 1504 837 1554 ameum
871 1494 1011 1554 vocant
1040 1479 1137 1552 laser
1144 1507 1156 1565 ,-

137 1596 366 1691 mognrficum
383 1601 423 1664 in
439 1618 509 1666 usu
526 1595 883 1694 medicamentisque,
897 1611 961 1665 etc.

460 1807 749 1837 ωψ-

122 1975 185 2022 Assa
191 1971 307 2040 feuda,
321 1970 377 2024 Oli.
390 1970 478 2040 σίιφιον
490 1969 652 2026 Dioscuridis
661 1983 688 2025 et
696 1971 893 2044 Theophrasti,
903 1975 959 2034 ὀπὸς
972 1973 1156 2046 Hippocratis,

89 2051 144 2112 iuis
152 2051 269 2116 bione,
280 2055 405 2124 Παρθικὸς,
415 2056 558 2126 Κυρηιαῖκὸς
571 2055 784 2115 nonnullorum,
800 2059 867 2109 laser
877 2069 903 2110 et
916 2063 1066 2125 laserpitium
1081 2059 1159 2112 Plinii

89 2151 114 2191 st
125 2140 296 2202 latinorum,
308 2145 382 2193 atriis
394 2141 551 2204 hircana,
570 2141 763 2214 mpiatsiaapor
783 2144 961 2215 quorumdam
980 2147 1158 2201 recentiorum

89 2227 256 2292 (iratorum,
269 2232 347 2299 iringi
365 2231 507 2283 Persarum
527 2244 554 2283 ct
572 2231 703 2284 ludorum
715 2269 724 2294 ,
736 2246 827 2284 stercus
845 2237 941 2286 diaboli
960 2234 1159 2288 nonnullorum.

90 2321 134 2373 Est
145 2318 351 2390 gummi-resia:
364 2318 465 2390 speeies
479 2330 637 2390 compacta,
651 2337 717 2372 cera
730 2321 814 2374 instar
827 2321 894 2374 lenta
911 2333 936 2374 et
950 2341 1060 2395 aequas,
1070 2342 1100 2374 ex
1112 2343 1160 2378 rn-

89 2405 343 2479 riissplendentibas
351 2405 468 2478 grumis,
480 2406 577 2477 partim
592 2406 770 2460 albicantibus
781 2419 826 2460 aut
839 2407 1056 2477 flavescentibus,
1064 2409 1162 2480 partim

89 2494 299 2558 ruiesoentibus,
321 2493 465 2547 incarnatio
488 2507 534 2547 aut
555 2495 694 2560 violaceis,
716 2495 744 2547 in
768 2496 856 2567 glebas
878 2496 1034 2568 grandiores
1053 2509 1161 2564 coacta;

90 2582 171 2636 odore
190 2582 296 2644 viroso,
309 2581 344 2635 ad
357 2580 447 2634 allium
462 2581 622 2645 accedente,
643 2581 689 2635 sed
703 2581 918 2646 vehementiam
937 2603 1032 2656 sapore
1050 2603 1162 2650 amaro,

91 2672 159 2733 sta-i,
178 2669 317 2724 mordace.
338 2670 425 2743 liujus
445 2669 504 2721 durs
527 2671 628 2741 species
647 2682 769 2741 prostant
782 2670 810 2723 in
821 2669 938 2724 officinis
952 2689 959 2724 ι
973 2691 1026 2725 ana
1042 2673 1162 2744 impura,

91 2757 195 2812 turbida
212 2778 245 2812 ac
262 2756 436 2819 sordescens;
450 2759 533 2812 altera
544 2777 624 2830 pura,
641 2758 806 2819 subrubeus,
825 2760 1004 2826 translucens,
1018 2779 1080 2832 quar
1090 2761 1161 2814 urul-

90 2853 130 2894 ω
140 2843 289 2915 elegantes,
302 2841 374 2894 albas
387 2840 519 2913 iacrymas
536 2841 624 2894 habet
636 2841 675 2893 Ex
690 2839 778 2894 Persia
795 2853 821 2893 et
835 2841 913 2895 ludia
926 2843 1050 2898 orientali
1060 2843 1094 2897 ad
1113 2863 1161 2897 uos

91 2941 292 3002 transportatur.
308 2929 442 2982 Probatur
459 2947 570 2991 reeens,
587 2929 710 3001 fragrans
722 2942 748 2982 et
761 2929 867 2992 fastida,
879 2949 933 2983 aon
946 2931 1026 2984 nimis
1039 2931 1161 3004 pinguia,

92 3015 235 3088 lacrymis,
250 3032 299 3070 sea
311 3014 411 3086 gramis
424 3013 498 3085 paris
508 3026 536 3067 et
548 3013 720 3067 translucidis
732 3013 839 3068 referta.
852 3013 951 3078 Vetus,
964 3027 1107 3078 unctuosa,
1116 3017 1162 3070 ni·

91 3121 155 3174 gra,
169 3121 267 3175 opaca3
283 3121 381 3168 arena,
398 3101 562 3165 corticibus,
574 3100 760 3172 similibusque
773 3101 940 3173 coinquinata
955 3101 1102 3174 rejicienda
1114 3115 1162 3158 est.

125 3191 245 3246 Celebris
257 3191 309 3244 luit
319 3189 362 3246 ille
373 3209 469 3244 saccus
482 3189 555 3261 apud
570 3191 681 3243 Veteres
694 3208 750 3242 non
760 3191 847 3243 solam
858 3188 892 3243 ad
906 3191 1164 3257 medicamenta,se‹l

93 3281 173 3334 edam
187 3279 225 3334 acl
243 3279 371 3334 intinctas
385 3292 412 3333 et
432 3279 616 3333 embammsta.
635 3279 701 3350 Ejus
720 3279 781 3333 dass
799 3279 899 3350 species
916 3279 1163 3353 distinguebantur,

92 3369 197 3422 ratione
206 3366 260 3421 loci
271 3368 319 3421 abi
331 3367 510 3420 nascebatur:
525 3365 593 3419 alias
613 3365 791 3438 Cyrenaicae,
807 3367 853 3438 qai
870 3365 898 3418 ia
908 3366 1056 3437 Cyrenaica
1069 3368 1164 3423 Africa

92 3457 230 3528 provincia
243 3455 430 3528 colligebatur,
449 3452 637 3526 pmtaatior:
652 3455 722 3508 alias
735 3453 858 3508 Medicus
874 3465 900 3507 et
916 3454 1049 3523 Persicus,
1067 3455 1113 3528 qui
1132 3475 1165 3510 ex

93 3545 184 3600 Media
206 3556 235 3598 et
250 3543 359 3598 Perside
374 3543 552 3606 afferebatur,
565 3543 714 3614 vulgatior,
737 3555 763 3595 et
776 3542 885 3596 minoris
896 3543 985 3614 pretii.
1003 3544 1166 3616 Cyrenaicus

92 3629 205 3682 odorem
221 3625 337 3700 myrrha
359 3625 543 3679 vehementem
565 3625 695 3698 spirabat,
711 3635 779 3680 teste
795 3625 968 3680 Dioscoride:
982 3627 1080 3680 Persici
1100 3627 1168 3680 odor

93 3715 178 3788 magis
188 3714 311 3777 virosus,
323 3711 358 3766 ad
371 3713 428 3766 allii
442 3713 484 3767 vel
501 3713 575 3784 porri
588 3711 699 3766 odorem
711 3709 852 3775 accedens,
866 3711 939 3765 ande
956 3712 1167 3768 scordolasarum

93 3803 182 3857 dictas
194 3802 255 3854 tuis
269 3801 332 3854 lion
350 3801 466 3854 maltum
483 3818 499 3852 a
514 3800 637 3872 sagapeni
650 3798 734 3853 odore
746 3799 931 3872 discrepabat3
951 3799 1168 3874 quondoquidem

96 3889 265 3946 Dioscorides
276 3889 399 3962 sagapeni
416 3887 529 3942 odorem
552 3886 671 3941 medium
684 3905 741 3941 esse
755 3887 822 3940 inter
840 3887 930 3960 silphii
941 3899 967 3941 et
985 3889 1090 3960 galbani
1101 3888 1168 3942 odo·

94 3999 167 4046 reru,
180 3992 206 4034 et
219 3977 344 4051 silphium
359 3995 495 4050 sagapeno
511 3975 656 4030 adulterari
668 3987 769 4030 narrat.
789 3977 950 4049 Cyrenaicus
970 3977 1060 4050 itaque
1079 3977 1170 4031 aPer·

94 4068 149 4124 sico
171 4067 329 4134 difies-ebat,
341 4066 416 4138 qaod
438 4063 551 4119 odorem
574 4063 663 4118 miuus
681 4064 800 4117 virosam
823 4065 947 4129 haberet,
966 4064 1081 4120 halitum
1100 4065 1169 4128 oris,

181 4170 247 4238 VI.
969 4163 1016 4236 30

199 4367 214 4400 S
