2925 5009
325 471 388 546 172
592 453 631 521 c.
658 453 824 524 Ριιιιιι
852 453 957 522 uir.
983 453 1115 560 utsr.

289 605 340 650 aa
362 579 487 678 populo
509 583 593 678 stipe
614 584 736 656 collata
756 601 879 657 statuta
909 599 970 656 est
993 583 1152 654 Τιιιιιίιιι7
1174 584 1210 652 in
1229 581 1374 653 aedilitate
1444 659 1446 662 Α

321 690 447 758 assibus
464 689 591 808 populo
609 691 813 762 frumentum
827 693 979 787 praestitit
993 716 1002 758 z
1017 714 1120 786 quam
1137 690 1184 759 ob
1200 713 1330 760 esuum
1345 703 1376 756 et

320 796 350 862 ei
372 810 487 868 statute
507 797 542 864 in
560 797 728 892 Capitolio
752 825 792 870 ac
816 798 942 869 Palatio
960 797 1076 868 dicatu
1106 811 1210 868 sunt.
1233 799 1302 891 ipse
1326 819 1375 876 su<
1444 873 1446 877 ¹

320 925 437 995 premo
453 902 508 972 die
500 903 644 1033 populi
659 904 808 976 humeris
826 920 979 1000 portatus
996 906 1029 972 in
1043 924 1165 998 rogum
1179 916 1240 972 est.
1256 904 1375 970 Verum
1443 949 1446 954 «

317 1032 386 1100 quo
406 1033 494 1078 anno
500 995 643 1079 ⁸Mater
668 1014 780 1082 Deum
799 1012 940 1082 advecta
959 1013 1103 1080 Romam
1124 1023 1197 1092 est,
1223 1007 1375 1100 majorem

317 1137 357 1182 ea
382 1129 494 1186 aestate
513 1116 676 1186 messem⁹
685 1169 694 1203 ,
716 1142 817 1212 quam
839 1116 1111 1187 antecedentibus
1131 1115 1228 1184 anub
1249 1113 1375 1194 decens,

318 1219 440 1290 factam
455 1247 527 1291 esse
540 1222 685 1292 tradunt
707 1227 756 1293 M.
771 1227 878 1311 Varro
899 1239 1017 1293 auctor
1035 1235 1105 1305 est,
1126 1241 1229 1315 quum
1253 1221 1293 1288 L.
1310 1221 1374 1288 Me·

315 1323 412 1397 tellus
423 1325 448 1352 ¹⁰
475 1329 509 1398 in
532 1329 704 1424 triumpho
723 1319 884 1426 plurimos
905 1329 1000 1400 duxit
1019 1327 1240 1457 elephantos,
1260 1325 1375 1395 assibus

315 1431 480 1527 singulis'¹
504 1434 602 1504 farris
620 1436 752 1507 modios
769 1437 894 1506 fuisse:
913 1438 992 1505 item
1014 1432 1102 1502 vini¹
1106 1431 1293 1526 'nongios,
1314 1431 1375 1500 lici·

314 1535 380 1632 que
405 1541 500 1610 siccae
520 1541 656 1673 pondo
654 1567 750 1630 xxx,
767 1541 832 1612 olei
858 1541 972 1638 pondo
992 1566 1035 1627 x,
1052 1542 1161 1609 carnis
1183 1538 1297 1634 pondo
1319 1559 1375 1606 xrs.

280 1655 296 1708 3
313 1645 385 1716 Nec
404 1669 423 1716 e
440 1633 656 1720 latifundiis¹³
677 1647 884 1743 singulorum
904 1646 1120 1742 contingebat
1139 1645 1321 1715 arcentium
1333 1644 1375 1710 ui-

315 1752 429 1822 cinos:
421 1754 568 1848 q.uippe
589 1755 688 1824 etiam
711 1754 784 1852 lege
800 1754 946 1824 Stolonis
963 1752 1084 1824 Licinii
1102 1737 1264 1822 incluso¹⁴
1284 1748 1376 1820 modo

355 1951 383 2003 7.
409 1933 519 1986 Trsbs'sss.
542 1933 624 1988 Anno
645 1935 682 1989 tJ.
703 1935 737 1990 C.
760 1933 828 1999 343.
870 1933 984 2006 Magnit.
994 1935 1074 1987 Rom.
1091 1933 1142 1986 lib.
1153 1933 1205 1998 lv,
1227 1949 1326 2004 usp..9
1345 1929 1375 1982 ll

314 2011 408 2066 Trebii
434 2012 506 2082 spud
530 2013 677 2068 Gruterum
703 2015 829 2087 frequens
915 2032 960 2067 ιι.
971 2011 1377 2082 Assibussiugulis.Tunc1mms

314 2091 435 2148 mentius
447 2092 522 2145 Treu
534 2094 609 2146 nulls
616 2112 719 2166 ,quem
728 2093 781 2147 boc
791 2095 830 2148 lo·
870 2107 966 2147 nutum
980 2105 1037 2148 esst
1058 2111 1101 2150 ss.
1115 2106 1143 2145 et
1157 2092 1262 2145 vslebat
1282 2103 1377 2144 tentum

314 2189 347 2225 oo
358 2171 517 2227 substituere
531 2171 640 2243 quidam
653 2175 757 2228 volunt.
773 2174 809 2227 ll.
870 2173 972 2244 galline
991 2183 1106 2225 monete
1126 2171 1252 2225 dsuuios
1275 2187 1306 2222 ιι
1324 2161 1375 2233 3l⁴

356 2253 383 2305 8.
396 2252 622 2323 Verumquonuuo.
633 2253 672 2304 M.
685 2252 768 2306 Corn.
777 2254 829 2307 Ce-
871 2253 980 2317 Qusuts
997 2263 1058 2306 tuus
1077 2252 1130 2306 tuit
1146 2267 1262 2305 annoso
1281 2248 1374 2304 vilitat

315 2331 829 2404 tbego,P.SemprnnioTuditsnoeoss.
871 2332 958 2385 Bsor.

315 2428 386 2465 suno
404 2411 441 2465 U.
454 2412 486 2465 C.
510 2410 580 2480 550,
594 2411 639 2482 qui
655 2411 719 2466 belli
734 2413 831 2466 Punici
915 2429 958 2464 ss.
970 2411 1032 2464 lteus
1040 2413 1104 2462 uisi.
1115 2407 1377 2464 Assibnsiuissesub·

316 2487 427 2546 wnuudi
439 2491 549 2562 quintus
569 2490 688 2544 decimus
705 2491 771 2557 tuis,
786 2493 829 2545 iss·
871 2490 1008 2561 intellige,
1031 2489 1106 2561 quod
1124 2503 1154 2543 et
1166 2488 1376 2560 subsequentium

315 2573 374 2642 quit
386 2570 492 2636 Lirim,
509 2570 558 2622 lib.
573 2571 676 2624 xxlst.
690 2570 782 2624 Hssn.
870 2571 1002 2624 manium
1011 2583 1070 2624 tutu
1080 2569 1199 2641 pretium
1213 2568 1274 2622 tuis.
1285 2568 1376 2621 Debss

357 2671 383 2720 9.
399 2650 829 2721 Majoremssoestutsusessm.bb-
871 2667 985 2704 annonas
1003 2649 1105 2704 vilitste
1130 2646 1235 2702 dietum
1254 2647 1299 2701 lib.
1313 2647 1375 2711 XV,
1418 2704 1421 2713 ¹

315 2741 372 2783 esst
387 2729 443 2783 lisso
461 2749 514 2784 vox
531 2742 664 2801 postrema
682 2749 796 2793 mauis,
812 2749 829 2784 s
871 2747 969 2802 capt.
984 2730 1078 2783 Hssu.

314 2809 391 2863 libris
403 2810 528 2863 omuibus
541 2807 575 2862 sd
594 2810 671 2863 bunc
685 2808 759 2863 diem
773 2809 829 2864 edi-
915 2809 1032 2863 13.Nee
1047 2829 1062 2860 e
1077 2807 1224 2877 Iutijisudis's.
1240 2806 1295 2860 Nec
1311 2817 1376 2858 tsnta

316 2889 365 2954 tis,
376 2889 467 2942 mutila
480 2888 830 2962 ideireoobscursquesen·
871 2887 960 2942 vilitas
975 2906 1089 2942 annona
1108 2887 1279 2958 contingebst
1296 2905 1312 2938 e
1325 2885 1377 2938 lstis

315 2969 406 3022 tentia.
428 2967 586 3041 Adjsoimus
605 2986 662 3022 estu
679 2967 765 3022 ductu
784 2967 832 3022 sd·
871 2968 1020 3038 amplisque
1033 2966 1241 3038 fondis,qusles
1252 2965 1377 3019 uuuosiu·

315 3047 474 3118 monituque
482 3044 563 3102 eoelsl.
573 3047 650 3102 MSS.
661 3049 727 3120 lieg.
739 3061 789 3102 stc.
799 3048 830 3101 in
871 3048 928 3118 guli
940 3045 1090 3119 possident,
1104 3047 1192 3117 quiet
1209 3047 1310 3100 vicinos
1320 3063 1376 3097 suos

315 3127 415 3199 quibus
426 3130 538 3198 majorem
548 3147 578 3180 ea
590 3140 696 3182 estatem
703 3149 754 3181 esse
765 3128 831 3200 legi-
871 3140 978 3192 srosnt,
991 3125 1136 3180 immodios
1145 3123 1299 3198 posn‘deutli
1306 3123 1377 3196 cupi·

315 3225 375 3260 suus
387 3227 394 3260 τ
408 3207 482 3278 quod
493 3219 526 3262 et
543 3219 606 3262 sute
624 3227 674 3262 nos
686 3209 830 3262 Turnebus
872 3205 964 3260 (litsto.
977 3208 1070 3260 Ηιιιι.

315 3285 399 3351 vidit,
412 3286 525 3342 Adsere.
539 3287 588 3341 lib.
599 3288 626 3352 l,
642 3306 702 3358 oap.
718 3306 762 3340 so.
774 3288 810 3342 ll.
916 3293 962 3348 si.
983 3286 1082 3340 ludusa
1094 3285 1174 3340 modo.
1195 3284 1310 3338 neusin
1326 3281 1378 3353 spi

358 3385 400 3421 ιο.
410 3368 441 3419 L.
454 3367 574 3420 Metellus.
583 3367 705 3420 Diximus
715 3367 794 3432 vm,
802 3371 830 3434 6,
873 3383 996 3421 mensurs
1007 3365 1162 3438 quingenis
1172 3364 1379 3436 jugeribusl'sr

314 3446 454 3517 contigisse
464 3445 495 3500 id
507 3465 578 3500 anuo
585 3447 621 3500 U.
630 3447 662 3501 C.
676 3449 730 3511 604
737 3485 746 3511 ,
757 3447 831 3500 bello
873 3465 905 3500 ro
917 3445 952 3499 de
965 3447 1004 3499 lle
1013 3448 1089 3499 Rust.
1100 3445 1148 3499 lib.
1159 3445 1288 3498 tuum
1298 3442 1377 3496 Stolo·

314 3526 416 3580 Punico
423 3527 521 3597 primo.
529 3525 636 3592 Quiset
645 3527 754 3580 Catonis
763 3545 831 3591 uro,
872 3527 916 3580 uis
926 3525 971 3579 ills
978 3527 1019 3580 lex
1029 3538 1166 3596 quusetst
1173 3524 1235 3596 plus
1245 3525 1377 3595 quingenis

314 3605 434 3659 scribens
447 3604 482 3658 de
492 3606 627 3660 fertilitate
640 3619 668 3659 et
677 3605 756 3677 copis
766 3606 832 3660 Gal·
870 3607 963 3677 jugeru
976 3606 1076 3659 bebere
1088 3605 1175 3658 civem
1190 3621 1342 3666 romanum,
1353 3614 1378 3653 et

313 3684 358 3738 liss
381 3685 523 3756 Cisalpinss
546 3686 676 3758 Polybius
689 3686 766 3750 ,·lib.
783 3688 829 3740 11:
873 3687 921 3757 qui
947 3697 1059 3757 propter
1085 3683 1253 3756 diligentium
1277 3682 1377 3737 cutm·

316 3789 329 3812 ι
341 3763 402 3817 Suis
415 3765 495 3818 etism
511 3766 692 3837 temporibus,
708 3765 761 3830 sit,
774 3785 831 3819 me·
874 3766 1017 3819 stolonum
1030 3765 1199 3818 confirmavit
1219 3779 1376 3834 oognouseu,

314 3841 438 3896 dimnutn
452 3844 579 3898 frumeuti
594 3845 706 3898 uetulum
716 3858 832 3917 quatuor
874 3859 950 3899 etc.
964 3846 1026 3899 Vsl.
1038 3845 1111 3898 Μαι.
1122 3843 1170 3897 lib.
1182 3844 1253 3896 Vlll
1260 3843 1375 3910 ,espwfi

313 3923 401 3976 obolis
424 3924 559 3978 veniisse.
574 3924 684 3992 bordei,
701 3923 830 3979 duobus:
873 3945 902 3980 ιι.
919 3924 954 3977 3:
970 3927 1024 3979 «C.
1037 3923 1157 3980 licinius
1174 3923 1274 3977 Stolo.
1281 3937 1375 3990 ‚quum

315 4013 453 4056 metretam
479 4005 672 4068 assemsum,
701 4004 830 4058 tantidem
875 4005 934 4076 lege
953 4005 1099 4070 sanximt,
1126 4023 1161 4056 ue
1178 4002 1254 4096 quis
1275 3998 1377 4086 amplius

313 4095 405 4156 quanti
417 4081 581 4136 hordeum
569 4085 713 4156 Lipssum
723 4083 785 4139 vide
795 4084 829 4139 (le
873 4103 953 4155 quam
972 4084 1115 4157 quingenta
1130 4081 1187 4154 sqsi
1198 4076 1374 4154 juger-spousi·
