2925 5009
537 484 688 553 ursan
714 488 793 553 xx.
1129 481 1201 580 629

182 614 311 683 xcnl.
330 611 471 683 Blitum¹
487 614 576 683 iners
594 613 725 683 videtur
746 640 786 687 ae
805 616 874 683 sine
893 638 1029 707 sapore,
1044 628 1103 682 aut
1117 616 1200 685 acri·
1221 639 1233 675 ¹

131 720 244 787 monia
264 717 341 787 ulla.
361 717 478 789 Unde²
502 722 691 789 convicium
714 720 844 789 feminis
865 719 954 815 apud
976 720 1201 789 Menandrum

130 822 258 892 faciunt
274 826 394 893 mariti.
413 812 611 895 Stomacbo³
629 824 745 895 inutile
765 840 824 895 est.
848 829 1007 895 Ventrem
1027 825 1110 893 adeo
1126 841 1200 895 tur-

128 916 216 1014 bat⁴,
231 943 270 998 ut
278 928 446 1000 choleram
460 929 560 1000 faciat
570 929 743 1025 aliquibus.
757 917 901 1001 Dicitur⁵
920 946 1031 999 tamen
1043 930 1201 1002 adversus

129 1036 323 1130 scorpiones
337 1050 453 1130 potum
471 1061 490 1105 e
509 1038 588 1106 vino
606 1037 778 1131 prodesse,
792 1050 826 1106 et
843 1034 944 1106 clavis
962 1035 1084 1131 pedum
1100 1034 1196 1107 illini:

128 1141 211 1211 item
225 1140 385 1224 lienibus,
404 1158 438 1211 et
451 1127 661 1238 tempornm⁶
676 1141 802 1231 dolori,
824 1167 865 1211 ex
879 1142 963 1211 oleo.
979 1143 1200 1237 Hippocrates

130 1260 304 1315 menstrua
325 1248 394 1316 sisti
413 1273 455 1317 eo
474 1249 550 1317 cibo
571 1248 696 1344 putat’.
818 1326 826 1345 ι

180 1354 307 1421 xciv.
326 1342 461 1445 (xxrrr.)
478 1353 614 1423 Meum¹
630 1356 665 1422 in
682 1353 777 1422 ltalia
796 1378 864 1423 non
879 1354 941 1423 nisi
958 1376 978 1421 a
997 1352 1130 1423 medicis
1149 1378 1199 1423 se·
1221 1373 1232 1409 ¹

166 1552 270 1605 xcnt
286 1571 312 1607 r.
327 1552 428 1605 Blitana
455 1550 500 1606 Ad
524 1553 639 1607 terbum
684 1549 745 1608 dior
769 1554 879 1608 ἀπίσθιι.
897 1552 1053 1617 Victorius,
1077 1552 1124 1607 lib.
1140 1554 1198 1620 111,

125 1632 185 1685 bec
197 1632 391 1695 Ptinvamv,
405 1652 433 1701 9.
446 1632 640 1697 Galliabletter,
683 1651 742 1704 cap.
759 1633 805 1687 13.
817 1634 969 1685 Danan-
988 1632 1110 1684 Ventrem.
1133 1632 1196 1686 llaec

124 1731 161 1765 ou
181 1710 265 1763 better.
284 1713 393 1764 leonem
407 1709 480 1782 apud
499 1712 640 1764 lobelium
683 1711 794 1767 totidem
807 1712 894 1765 verbis
909 1710 977 1763 Plin.
994 1710 1195 1779 vu.1v,9.11.

124 1790 190 1844 ride
202 1792 230 1842 in
242 1790 322 1843 otae·
333 1808 395 1861 pag.
411 1790 478 1845 12⁵.
490 1790 524 1843 In
537 1791 640 1845 Narbo·
726 1791 752 1845 5.
767 1791 874 1851 Dicitur.
889 1790 958 1843 Plin.
972 1789 1035 1843 vat.
1051 1790 1070 1842 l.
1085 1808 1108 1842 c.
1122 1788 1155 1843 Η.

124 1870 203 1923 nenti
216 1870 302 1923 Gallia
317 1882 404 1939 turgore
419 1882 528 1930 vocant,
551 1870 640 1942 inquit
725 1873 753 1922 6.
784 1872 934 1939 Temperare.
962 1870 1006 1923 Sic
1032 1866 1196 1939 Apollonius

123 1948 259 2009 Ruelliua.
274 1950 316 2013 11,
331 1967 392 2019 pag.
406 1948 473 2002 356.
486 1950 579 2003 Hero.
682 1946 756 2020 apud
768 1949 862 2002 Galen.
876 1948 943 2001 κατὰ
956 1949 1012 2001 τίπ.
1029 1948 1059 2009 l,
1077 1966 1107 2018 p.
1122 1947 1195 2001 368:

168 2028 283 2081 allude.
299 2028 407 2081 Plautus
419 2028 448 2079 in
462 2028 576 2081 Trucul.
589 2040 638 2080 aot.
682 2028 767 2081 Βλίτον
786 2028 872 2099 τρίψας
897 2028 939 2079 obv
954 2027 1027 2095 ίλαίῳ
1041 2021 1122 2090 tnta,
1135 2034 1195 2099 χρῶ.

124 2108 231 2172 1ν,ω.
254 2114 294 2170 4:
321 2133 333 2155 ι
355 2107 440 2159 Blitea
462 2120 488 2160 et
507 2105 578 2159 lutea
598 2118 638 2159 est
724 2125 751 2176 7.
766 2106 935 2176 Hippocrates.
955 2106 994 2156 lta
1010 2104 1072 2155 libri
1087 2123 1194 2171 omnes,

123 2186 265 2249 meretrix,
280 2186 331 2239 nisi
340 2185 477 2258 qunsapit
487 2185 514 2237 in
530 2185 593 2237 rino
605 2184 639 2238 ad
682 2198 709 2238 et
732 2184 834 2237 Plinius
856 2201 965 2255 quoque
985 2183 1046 2236 Val.
1073 2184 1129 2249 IV,
1154 2201 1190 2252 9:

122 2285 181 2320 mm
203 2284 288 2318 anam.
307 2291 319 2312 ι
338 2266 432 2330 Viles,
456 2264 584 2335 abjectas,
598 2264 637 2316 ia·
683 2264 889 2334 «Hippocrate,
908 2262 1009 2333 inquit,
1026 2264 1196 2333 precipiente

124 2360 237 2415 tuasque
250 2344 372 2397 mulieres
390 2340 513 2410 βλιτιίὸας
534 2342 638 2415 antiqui
680 2340 715 2396 ed
728 2341 844 2396 sistenda
863 2342 954 2395 omnia
968 2354 1101 2397 menstrua
1118 2343 1194 2396 femi·

123 2425 263 2479 vocabant.
280 2422 387 2484 suidas,
407 2418 532 2484 narrata,
550 2424 572 2474 et
587 2442 639 2474 na·
679 2441 776 2477 narum
795 2423 823 2473 in
838 2422 898 2475 cibo
911 2420 1041 2475 dandum.
1056 2446 1067 2469 ι
1089 2420 1194 2493 Hippo-

123 2504 189 2557 )tarai
209 2504 256 2563 τὰς
275 2506 377 2563 rurant:
401 2505 518 2572 γυναῖκας
545 2502 636 2572 stapes.
679 2514 763 2554 crates
776 2519 838 2555 sane
852 2499 886 2553 de
901 2500 996 2560 Diaeta,
1015 2500 1063 2553 lib.
1074 2501 1117 2563 ll,
1135 2502 1197 2581 ca'p.

124 2581 208 2650 Quod
230 2600 329 2634 nomen
349 2581 437 2633 adbuc
462 2584 490 2633 in
515 2592 636 2633 nostrum
683 2585 739 2634 26:
755 2584 838 2633 Βλιτὸν
851 2580 948 2650 tapplr,
963 2580 989 2630 ab
1005 2575 1193 2649 διαχωρητικίν.

122 2664 219 2734 vulgus
234 2662 362 2722 manarit,
379 2659 503 2713 socordes
515 2660 636 2729 ignavos·
683 2684 695 2706 ·
706 2660 806 2711 blitum
820 2657 934 2711 calidum
949 2668 1001 2723 eat,
1015 2675 1070 2711 non
1084 2676 1193 2714 morena

124 2761 178 2813 qne
192 2740 314 2812 homines
325 2740 433 2792 beliteros
452 2758 539 2809 grace
552 2738 637 2791 imita·
679 2738 779 2791 airum.
793 2762 804 2785 ι
820 2734 912 2789 Haeo.

123 2823 200 2875 tione
218 2820 376 2884 nominans,
391 2819 479 2890 inquit
501 2816 637 2882 Rutilius,
719 2815 820 2869 XCIV.
843 2837 866 2868 ι.
889 2814 979 2867 Meum.
1002 2812 1086 2868 Gron.
1110 2827 1138 2867 et
1156 2818 1191 2869 al.

124 2900 248 2971 1‚p.75.
265 2898 379 2953 Festus:
395 2924 407 2946 ι
425 2898 539 2962 blitum,
551 2914 636 2967 genua
679 2908 740 2948 ante
749 2893 830 2947 linrd.
842 2914 903 2946 mea.
917 2893 1099 2945 En-Dioso
1111 2893 1142 2959 1,
1155 2896 1170 2949 3
1184 2914 1191 2949 ι

123 2977 462 3050 olerisasaporisstupore
475 2976 636 3047 appellatum
678 2981 750 3033 Μῆον
781 2978 808 3028 sl
836 2975 981 3043 καλούμενον
996 2964 1194 3042 ddaparrralr,

124 3074 308 3128 esseegraeoo
325 3069 449 3128 putatur,
462 3051 535 3127 quod
548 3054 582 3105 ab
595 3054 637 3106 bis
678 3056 795 3125 γεννᾶται
814 3056 912 3112 arlais-or
933 3053 957 3104 lr
984 3047 1132 3122 Manduria
1150 3054 1193 3108 καὶ

125 3137 189 3204 βλὰξ
200 3135 305 3189 dicatur
319 3133 451 3206 stupidus.
465 3136 523 3187 »Ar
538 3133 636 3187 Groecia
678 3126 795 3203 lanaria.
818 3132 919 3186 Galeno
934 3128 968 3183 de
993 3127 1087 3183 antid.
1101 3130 1133 3195 1,
1154 3150 1191 3205 7,

124 3234 237 3288 qnoque
251 3216 332 3281 βλίτον
349 3227 398 3267 est.
410 3214 525 3285 Hesyeh.
536 3214 636 3279 Βλίτον,
679 3231 707 3284 p·
723 3212 799 3283 8782
819 3214 894 3265 Μιῑον
910 3202 1094 3279 Ᾰδαμαντικόν.
1113 3208 1193 3264 vidi-

123 3298 233 3365 λαχάνου
247 3290 323 3355 εἶδος.
347 3294 436 3348 Sobol.
455 3292 537 3345 Arist.
550 3292 636 3346 Βλίτον
678 3310 739 3344 mus
749 3290 776 3345 in
786 3292 867 3343 horto
877 3288 1063 3360 Regio,quale
1074 3286 1195 3361 depingi·

124 3377 206 3447 μωρὸν
216 3370 277 3427 alsat
290 3370 360 3427 dani
373 3376 489 3441 λάχανον.
508 3398 520 3420 ι
536 3372 636 3424 Blitum
679 3383 725 3424 tur
742 3389 756 3443 a
772 3368 919 3433 Dodoneo,
942 3386 1004 3439 pag.
1018 3366 1082 3419 dno.
1099 3366 1191 3423 Meum

123 3454 233 3509 ridetur
247 3471 303 3506 esse
314 3453 373 3504 olus
383 3450 539 3523 insipidum.
555 3476 566 3497 ι
582 3450 616 3502 Η.
680 3450 709 3503 in
731 3449 807 3503 Italia
824 3447 959 3518 reperiri,
986 3458 1012 3499 et
1028 3444 1056 3498 in
1071 3446 1194 3501 Calabria

167 3532 196 3587 3.
217 3531 469 3585 stomachantem
486 3532 583 3583 bonam
599 3529 636 3581 al·
680 3526 789 3603 quidem
803 3527 837 3580 ab
857 3524 951 3580 ineolis
974 3524 1128 3595 imperatrice
1146 3545 1194 3598 ap.

125 3630 190 3666 vum
212 3612 299 3664 lacere
312 3608 462 3665 Dioscorid.
478 3627 541 3662 vere
555 3607 637 3673 dixit,
680 3607 790 3679 pellari,
811 3602 839 3659 in
856 3606 992 3659 montibus
1005 3604 1129 3657 Nursinis
1142 3610 1194 3677 spi·

54 3750 60 3765 ⁸
125 3695 171 3758 11,
189 3690 364 3754 mansan.
680 3686 832 3749 cnm,alibi
844 3686 931 3747 aliter,
946 3683 1038 3737 scribit
1056 3683 1194 3754 Anguilla-

169 3778 197 3835 4.
223 3770 335 3822 Ventrem
356 3769 418 3821 adeo
444 3766 637 3819 rotar‘rheo·
681 3762 1051 3835 ra,lib.deSimpl.part.1,
1067 3780 1128 3833 pag.
1144 3782 1193 3830 ao;

43 3913 48 3919 .
123 3844 444 3922 pompmeomicusapnd
454 3846 550 3899 Athen.
562 3844 639 3912 XIV,
682 3846 760 3898 etiam
775 3856 800 3897 et
813 3844 840 3897 in
858 3843 944 3897 Gallia
957 3841 1078 3894 obvium.
1091 3843 1195 3897 Deseri-

125 3937 222 3983 παῦσαι
235 3926 368 3995 antiton,
381 3926 519 3997 μειράκιον,
532 3923 573 3976 aet
587 3925 638 3984 τοῖς
680 3924 782 3978 bitura
799 3922 928 3976 Cbarasio
951 3920 980 3973 in
1001 3920 1108 3974 Pharna.
1132 3940 1193 3994 pag.

127 4010 218 4073 βλίτοις
242 4004 334 4076 drani
358 4009 386 4061 ri
417 4008 520 4069 λοιπὸν,
548 4004 638 4057 κοιλίαν
686 3998 1208 4070 134.Nostrisollicinis,inquit,lluel‹'

126 4086 232 4159 ennete
249 4089 328 4155 ίχιις,
341 4086 374 4139 τὰ
387 4088 495 4156 πετραῖα
507 4091 556 4137 τῶν
573 4084 640 4151 ἔχου·
684 4082 752 4147 lius,
774 4082 816 4146 Π,
831 4100 890 4153 pag.
915 4082 987 4143 284,
1009 4078 1135 4132 anethum
1150 4081 1195 4141 til·

1001 4171 1062 4273 40³
