2925 5009
501 451 662 521 LIBER
686 452 771 521 XX.
1107 450 1171 525 561

91 582 264 669 maxime,
288 596 322 651 et
347 568 506 651 viscum⁸.
530 583 639 653 Item⁹
656 584 795 680 fungos,
814 585 883 655 sive
904 587 938 655 in
962 602 1044 683 potu
1062 588 1176 677 detur,

93 688 170 757 sive
189 690 227 757 in
243 688 331 757 cibo.
356 686 495 757 Simili¹⁰
514 689 617 759 modo
638 705 756 761 contra
777 693 980 787 serpentium
999 696 1105 782 ictus,
1128 710 1178 765 ut-

92 808 179 888 pote
202 818 308 888 quum
326 793 508 864 mustelae¹'
533 795 737 868 dimicatum
764 821 841 878 curn
863 799 934 887 his,
957 814 1066 871 rutam
1086 804 1177 895 prius

93 900 234 971 dendo
243 926 278 971 se
288 902 449 970 muniant.
456 900 602 973 Valent¹²
615 918 776 973 utcontra
788 906 1178 999 scorpionum‚etcontra

93 1030 320 1090 araneorum,
352 1031 472 1101 apum,
500 1009 724 1092 crabronum,
759 1034 934 1104 vesparum
966 1010 1121 1101 aculeos,
1145 1030 1179 1083 et

95 1112 316 1181 cantharidas
323 1098 359 1199 ¹³,
377 1138 417 1182 ac
437 1112 678 1197 salamandras,
696 1104 861 1185 canisve¹⁴
881 1116 1001 1189 rabiosi
1026 1144 1177 1189 morsus:

95 1205 298 1287 acetabuli¹⁵
309 1244 465 1289 mensura
480 1246 599 1290 succus
615 1247 634 1289 c
652 1223 730 1289 vino
743 1220 878 1309 bibitur,
889 1236 924 1291 et
942 1221 1020 1292 folia
1034 1226 1112 1294 trita
1125 1226 1178 1295 vel

96 1324 381 1395 commanducata
404 1327 622 1420 imponuntur
645 1352 723 1397 cum
745 1326 844 1397 melle
865 1342 898 1395 et
917 1328 1002 1418 sale,
1031 1329 1083 1399 vel
1101 1356 1178 1401 cum

97 1445 197 1499 aceto
216 1445 249 1499 ct
264 1432 337 1526 pice
355 1430 505 1500 decocta.
525 1435 633 1502 Succo
650 1458 730 1501 vero
746 1449 927 1528 perunctos
944 1449 1003 1504 aut
1023 1459 1097 1505 eam
1115 1438 1177 1507 ha·
1197 1461 1212 1512 3

97 1536 238 1624 bentes,
260 1552 382 1631 negant
401 1536 491 1605 fcriri
510 1538 553 1606 ab
574 1539 626 1608 his
644 1538 830 1623 maleficiis3
856 1528 1133 1637 serpentesque¹⁶,
1152 1546 1178 1613 si

98 1657 220 1711 uratur
232 1659 325 1726 ruta,
346 1642 497 1713 nidorem
515 1644 639 1742 fugere.
661 1644 902 1715 Efficacissima
927 1661 1039 1717 tamen
1058 1663 1108 1718 est
1126 1648 1178 1719 sil·

98 1752 222 1818 restris
243 1749 336 1819 radix
356 1774 434 1819 cum
451 1752 530 1820 vino
548 1766 691 1846 sumpta.
710 1751 871 1821 Eamdem
890 1753 1049 1847 adjiciunt
1067 1754 1180 1826 effica-

99 1857 226 1925 ciorem
246 1880 317 1925 esse
337 1855 471 1925 subdio
490 1872 613 1951 potam.
634 1858 840 1954 Pythagoras
863 1872 896 1928 et
919 1861 952 1927 in
970 1860 1034 1930 hac
1052 1884 1178 1931 marem

99 1962 287 2031 minoribus
305 1962 527 2056 herbaceique
552 1963 676 2033 coloris
698 1962 825 2033 soliisa
855 1964 977 2047 femina
1004 1964 1176 2037 discrevit:

98 2092 175 2136 eam
188 2066 368 2137 laetioribus
381 2067 467 2137 foliis
478 2083 512 2138 et
526 2069 647 2139 colore.
657 2070 753 2139 Idem
768 2067 873 2139 oculis
885 2073 1016 2141 noxiam
1031 2076 1175 2168 putavit:
1195 2108 1211 2166 4

98 2173 221 2245 falsum
230 2228 240 2262 ,
253 2176 409 2269 quoniam
424 2172 605 2269 scalptores
621 2192 655 2245 et
673 2174 850 2270 pictores¹⁷
865 2176 930 2247 boc
946 2178 1022 2248 cibo
1036 2193 1178 2250 utuntur

142 2418 170 2471 θ.
187 2418 224 2469 Et
233 2419 334 2469 curun.
349 2415 407 2468 lIoc
421 2427 475 2482 est,
489 2413 616 2471 adversm
658 2435 795 2482 csxxxrx,
817 2441 828 2463 ι
843 2416 884 2471 td
898 2420 1069 2476 cantharidas
1086 2440 1093 2476 ε
1112 2424 1176 2477 item

98 2496 287 2550 chamaeleonis
323 2496 415 2548 herbae
455 2496 615 2551 venenatum
658 2499 749 2550 oleum
769 2496 869 2551 irinum
886 2518 919 2553 ex
935 2514 994 2555 ruta
1015 2502 1127 2569 tritum,
1149 2518 1176 2557 et

97 2594 227 2640 auorum,
239 2593 319 2647 qoem
334 2577 395 2639 ἰξίαν
407 2574 616 2643 Gracirocant,
658 2590 766 2651 potum.
784 2602 796 2625 s
816 2578 908 2631 Hrao.

98 2674 115 2710 a
138 2655 229 2717 visco,
259 2654 332 2729 qnod
364 2653 400 2707 ad
428 2655 486 2725 ejus
514 2655 617 2709 radices
702 2663 749 2720 14.
766 2655 877 2711 Cunissa.
888 2659 968 2730 Apul.
981 2677 1041 2733 cap.
1056 2678 1173 2725 nxxxrx,

98 2733 263 2807 quandoque
273 2734 416 2788 invenitur.
426 2733 503 2787 Idem
512 2732 616 2789 derata
658 2737 697 2788 tit.
713 2754 730 2806 7
746 2752 754 2789 :
769 2760 781 2784 ι
797 2734 837 2788 Ad
851 2756 968 2815 morsum
980 2740 1052 2793 canis
1063 2739 1149 2794 rabidi
1166 2760 1172 2795 :

98 2813 135 2868 ad
159 2814 240 2866 iriam
263 2814 348 2868 Scrib.
375 2814 475 2886 Largus
499 2814 612 2885 prodit,
657 2815 1119 2886 Herbarutnpondusdenariorurn
1128 2840 1172 2875 sex

100 2894 290 2964 Compcxcn.
303 2890 394 2945 uano.
657 2914 690 2948 ex
704 2894 771 2947 rino
786 2894 893 2950 bibatur
919 2914 925 2950 :
946 2897 1030 2969 plaga
1044 2916 1108 2951 nero
1120 2900 1172 2952 inr-

142 2972 615 3044 9.Item.Scribon.Comp.cxovr11,
658 2986 792 3044 ponantur
826 2986 895 3027 rutra
926 2976 991 3029 folin
1021 2978 1082 3031 trita
1109 2998 1170 3033 cum

100 3052 136 3107 ad
152 3054 250 3124 fungos
268 3072 275 3104 z
296 3079 308 3101 ι
331 3054 398 3105 Item
416 3065 475 3105 ruta
493 3070 526 3105 ex
540 3066 614 3107 aceto
656 3053 920 3125 melle,saleetpice:
931 3055 1099 3110 liberabitur.
1111 3085 1122 3106 ι
1134 3060 1169 3114 Η.

98 3134 164 3188 trita
178 3144 206 3185 et
216 3144 280 3204 pota
293 3132 406 3204 prolicit.
423 3155 434 3176 ι
452 3132 543 3183 Iliso.
700 3133 746 3186 15.
758 3134 894 3185 Acetabuli.
909 3135 1029 3189 Dioscor.
1044 3137 1063 3189 l.
1074 3156 1099 3191 c.
1113 3139 1149 3190 H.

145 3229 189 3266 ιο.
214 3212 303 3265 Simili.
326 3212 390 3263 Ilaec
412 3210 482 3263 Plio.
503 3212 563 3264 val.
581 3207 614 3263 ad
701 3214 743 3265 16.
760 3213 940 3285 Serpenterqua.
960 3214 1078 3267 Odorem
1102 3230 1168 3270 rutae

99 3292 222 3353 verbnm,
235 3292 289 3355 IV,
302 3291 402 3357 33item
413 3288 502 3343 Diosc.
513 3291 565 3344 l.c.
580 3288 614 3345 Il.
657 3289 745 3344 odisse
763 3293 898 3363 viperam,
923 3305 951 3347 et
969 3293 1019 3346 alia
1041 3310 1170 3351 venenata

146 3390 191 3425 11.
203 3368 470 3442 Mustelae.Videquoe
478 3368 616 3425 dictarunt
656 3370 695 3423 ait
717 3372 818 3425 Athen.
838 3372 876 3425 Μ.
894 3370 928 3425 de
953 3374 1068 3427 Animal.
1083 3375 1167 3436 VIII,

100 3450 184 3515 VIII,
197 3455 244 3513 dr.
254 3450 345 3503 Hirro.
656 3466 716 3521 cap.
729 3468 740 3504 r
756 3488 764 3515 ,
781 3461 815 3504 tr.
829 3471 856 3503 a.
868 3450 957 3506 Haan.

106 3530 110 3535 ’
145 3526 614 3599 12.Valent.Apul.oxr,tit.7:
700 3548 745 3599 ¹7·
764 3532 800 3583 Er
813 3536 925 3601 pictores.
948 3532 1056 3587 Simeon
1076 3532 1167 3597 sethi,

104 3638 117 3661 ι
131 3609 173 3662 Λᾶ
185 3627 317 3679 eos,quoa
324 3608 431 3678 scorpio
441 3608 614 3677 percusserit,
655 3625 719 3679 pag.
735 3626 789 3680 97,
813 3622 872 3681 post
890 3612 1012 3677 Aetium,
1027 3613 1058 3677 1,
1089 3614 1143 3685 327
1160 3634 1166 3665 ε

98 3702 168 3743 rute
183 3687 308 3742 silvaticas
322 3706 411 3740 semen
424 3687 567 3739 contritum
580 3706 614 3739 ex
656 3690 766 3757 Δίγιται
788 3684 818 3742 dl
846 3688 887 3742 sal
909 3692 941 3750 ὣς
967 3688 1092 3763 ὀξυδερκές
1119 3698 1168 3757 len

101 3771 167 3824 rino
174 3766 250 3821 dabis
261 3768 337 3840 potui
351 3786 358 3820 :
373 3764 495 3819 dolorem
505 3764 588 3819 sedat.
598 3788 611 3812 ι
657 3768 808 3839 lobtc'pncs,
824 3769 866 3822 καὶ
881 3766 926 3821 διὰ
936 3777 1009 3824 τοῦτο
1019 3773 1040 3824 cl
1053 3772 1109 3844 πρὶν
1123 3778 1170 3835 Io·

100 3851 137 3904 II.
151 3880 191 3893 -
204 3847 248 3901 Sic
261 3866 294 3900 ex
312 3847 388 3900 MSS.
408 3844 513 3898 emend.
530 3844 613 3898 Hard.
657 3847 744 3917 γράφοι
771 3855 876 3916 suarzaa
906 3852 980 3903 αὐτοῦ
1008 3852 1167 3923 despectare.

100 3930 360 3999 scorpr'onumictuser
374 3920 516 3977 araneorum
528 3924 613 3979 Gron.
662 3951 674 3973 ι
693 3926 798 3981 Dicitur
830 3929 909 3981 ctiam
939 3930 1025 3983 risum
1055 3946 1170 3986 comesta

102 4020 130 4062 et
145 4007 188 4061 ΑΙ.
206 4007 257 4059 Eo.
659 4022 774 4062 acuet-u
787 4006 974 4079 atqueidcirco
981 4010 1096 4081 pictores
1107 4012 1170 4064 olim

147 4086 193 4141 13.
203 4087 242 4139 Et
250 4084 415 4137 candaridas.
422 4084 509 4138 Scrib.
518 4083 614 4156 Comp.
660 4101 718 4139 eam
728 4084 841 4139 *assidue
854 4085 1036 4159 degustabant.
1057 4114 1068 4136 ·
1085 4092 1118 4145 II.

179 4196 243 4263 Vr.
990 4194 1039 4267 36
