2925 5009
280 480 328 529 uo
555 457 595 523 C.
620 454 781 524 PLlNlI
809 456 912 523 NAT.
943 454 1066 523 HlS'l'.

279 590 380 659 densa
408 586 492 657 callo
519 585 613 655 facile
633 588 915 683 deprehenditur,
938 586 990 656 vel
1014 612 1081 656 uno
1103 589 1171 657 ictu
1192 588 1348 684 cuspidis.

280 698 365 765 Cato
381 694 527 763 breviter
541 707 640 787 atque
654 718 693 762 er
705 718 768 763 suo
778 719 872 764 more
883 696 962 763 vitia
977 694 1195 763 determinat:
1209 696 1351 763 Terram

281 805 440 872 cariosam
475 823 556 870 cave
571 786 595 886 ⁵,
621 824 705 869 neve
735 800 908 895 plaustro,
933 824 1018 869 nere
1042 824 1164 896 pecore
1188 800 1350 895 impellas.

245 938 262 991 9
282 908 373 997 Quid
387 906 543 1002 putamus
563 905 627 975 hac
645 906 868 1001 appellatione
888 907 931 975 ab
949 932 990 976 eo
1006 922 1181 1002 tantopere
1198 907 1353 976 reformi-

281 1015 372 1099 dari,
387 1028 425 1081 ut
439 1036 533 1107 paene
551 1014 697 1107 vestigiis
710 1038 845 1109 quoque
857 1012 1057 1083 interdicat?
1073 999 1295 1108 Redigamus⁶
1308 1014 1354 1083 ad

282 1120 361 1217 ligni
380 1121 527 1207 cariem,
547 1132 581 1187 et
602 1119 809 1189 inveniemus
825 1118 902 1207 illa,
919 1144 994 1213 quae
1020 1120 1055 1187 in
1072 1110 1204 1189 tantum
1221 1119 1354 1190 abomi-

281 1226 484 1313 natur‚.vitia
495 1278 504 1313 ,
516 1224 633 1310 aride,
646 1224 803 1296 fistulosae
811 1226 836 1315 ⁷,
850 1226 1217 1315 scabrae‚canescentis‚
1234 1251 1355 1312 exesae,

281 1348 314 1405 et
334 1333 522 1429 pumicosae.
544 1328 622 1399 Plus
648 1332 730 1401 dixit
749 1356 817 1401 una
839 1317 1096 1427 significatione,
1119 1356 1219 1426 quarn
1247 1336 1357 1427 possit

280 1438 348 1509 ulla
368 1440 464 1535 copia
481 1437 644 1507 sermonis
660 1440 819 1509 enarrari.
838 1442 899 1508 Est
915 1440 1003 1507 enim
1016 1440 1288 1532 interpretatione
1303 1440 1354 1507 vi·

283 1548 405 1617 tiorum
432 1543 605 1639 quaedam,
630 1568 698 1613 non
719 1530 837 1614 aetate⁸
860 1537 954 1639 (quae
978 1542 1071 1613 nulla
1091 1545 1126 1611 in
1149 1568 1190 1614 ea
1212 1543 1355 1640 intelligi

282 1645 436 1747 potest),
458 1650 516 1719 sed
540 1663 659 1717 natura
681 1674 759 1737 sua,
783 1674 866 1720 anus
887 1665 1002 1719 terra:
1023 1665 1058 1719 et
1079 1650 1154 1720 ideo
1175 1650 1357 1719 infecunda

234 1808 265 1850 ,0
283 1758 326 1829 ad
340 1758 472 1840 omnia,
483 1770 583 1849 atque
592 1754 767 1825 imbecilla.
779 1755 873 1825 Idem
889 1754 1029 1851 agrum⁹
1041 1757 1208 1851 optimum
1224 1756 1356 1850 judicat

283 1864 327 1933 ad
344 1862 489 1933 radicem
506 1863 668 1931 montium
684 1860 819 1956 planitie
833 1864 868 1930 in
884 1862 1054 1931 meridiem
1068 1878 1282 1951 excurrente;
1295 1864 1357 1957 qui

284 1984 335 2043 est
354 1970 455 2039 totius
472 1964 610 2037 Italiae'⁰
630 1967 711 2037 situs
728 1986 736 2029 τ
755 1983 878 2037 terram
896 1993 977 2038 vero
994 1984 1143 2038 teneram
1155 1967 1179 1993 ¹¹
1200 1994 1275 2063 quae
1292 1994 1356 2037 vo-

285 2152 347 2206 calli
360 2152 444 2205 instar
457 2160 511 2213 est,
527 2148 604 2203 facile
622 2146 801 2221 deprehendi·
842 2170 898 2207 uon
910 2151 1044 2222 attingit...
1054 2150 1124 2216 Qun
1132 2150 1170 2204 sic
1178 2152 1361 2215 subactarum

286 2246 338 2287 tur.
352 2232 442 2284 Hssu.
811 2277 824 2307 ‚
842 2248 921 2294 arva,
937 2230 1066 2283 continuo
1084 2230 1201 2284 triennio
1217 2232 1360 2286 sterilitate

329 2312 357 2366 ⁵.
381 2310 483 2363 Terram
508 2312 626 2362 carcerare
652 2328 724 2375 cere,
749 2321 801 2365 etc.
844 2310 1007 2364 afficiuntur.
1022 2336 1035 2358 ι
1051 2308 1124 2363 Vide
1144 2328 1204 2383 quse
1228 2309 1262 2364 de
1286 2325 1359 2367 tem

287 2392 423 2447 cariosam
434 2386 574 2441 etruriam
585 2400 681 2441 terram
693 2389 801 2443 Colum.
845 2390 918 2443 varia
939 2388 1039 2443 dicturi
1060 2406 1152 2443 sumus
1176 2390 1225 2443 lib.
1242 2392 1361 2459 svm,

288 2472 337 2525 lib.
358 2470 400 2534 11,
423 2485 482 2540 cap.
508 2474 542 2532 4,
569 2468 681 2538 exponit
702 2468 803 2521 nimbis
845 2487 904 2540 cap.
921 2475 968 2537 ⁴9.
982 2470 1073 2523 Haun.
1327 2465 1330 2470 ’

288 2548 390 2622 exiguis
408 2544 625 2611 aemimadidum‚
637 2566 721 2617 quum
740 2560 804 2617 poet
887 2550 916 2602 8.
928 2548 986 2601 Nou
999 2560 1088 2611 cente,
1103 2568 1157 2621 qaoe
1171 2550 1249 2604 mlta.
1262 2550 1361 2607 “Falso

288 2630 383 2701 longas
396 2627 522 2681 siccitates
536 2626 601 2679 levis
612 2626 703 2697 pluvia
712 2626 804 2698 gleba·
846 2626 962 2681 credidit
972 2628 1144 2694 Tremellius,
1156 2628 1245 2701 inquit
1253 2631 1361 2685 Colum.

289 2726 351 2763 rum
373 2706 537 2778 superiorem
560 2719 662 2776 partem
686 2704 805 2759 medele·
847 2708 890 2768 11,
909 2726 935 2772 r,
954 2720 1091 2777 parennem
1109 2710 1230 2763 omnium
1245 2722 1362 2776 terram,

291 2788 344 2850 cit,
365 2785 520 2839 inferiorem
539 2802 594 2837 nou
617 2784 712 2856 attigit.
733 2786 802 2839 Dsr..
847 2786 916 2839 sicut
926 2786 1086 2840 muliebrem
1097 2801 1290 2853 sexum,aetete
1297 2790 1364 2843 anili

290 2900 331 2911 -
343 2866 448 2919 Colum.
460 2864 548 2935 ipsum
563 2860 654 2918 audias
666 2864 716 2919 inl.
734 2882 763 2918 n.
774 2882 803 2935 7.
844 2867 900 2937 jam
914 2865 1078 2930 conlectam,
1094 2867 1302 2937 progenerandis
1322 2869 1364 2923 le·

292 2946 491 2999 lim-Terram
497 2945 683 3004 cariosametc.
691 2946 759 2999 Ceto
769 2942 804 2997 de
846 2946 920 2999 tibus
930 2962 986 2998 esee
999 2944 1161 3009 inhabitem,
1172 2959 1225 3001 etc.
1237 2973 1250 2995 ι
1264 2948 1300 3002 Η.

292 3028 332 3080 Re
345 3026 420 3079 Rust.
431 3024 471 3085 Π.
487 3021 659 3093 5‚pag.11:
676 3024 804 3079 «Terram
888 3044 916 3094 9.
937 3024 1005 3079 Idem
1027 3046 1122 3096 epm.
1144 3026 1225 3090 Cato,
1247 3046 1309 3099 cap.
1330 3046 1362 3081 r:

293 3104 421 3160 cunnum
450 3112 542 3155 curem
568 3120 603 3155 ne
627 3120 705 3170 ares,
736 3120 805 3157 nere
850 3129 864 3153 e
878 3104 906 3157 Si
935 3105 1052 3175 poteris,
1076 3106 1127 3159 sols
1147 3104 1238 3160 radice
1263 3107 1365 3161 montis

292 3185 455 3257 plaustrum,
474 3198 541 3235 neve
561 3198 642 3251 pecus
662 3183 804 3255 impellas:
847 3182 913 3248 siet,
924 3183 952 3237 in
965 3184 1105 3239 meridiem
1115 3197 1224 3257 spectet.
1240 3210 1252 3232 ι
1266 3186 1302 3241 Η.

292 3266 316 3319 si
334 3264 373 3317 ita
384 3281 438 3316 non
451 3260 566 3323 cereris,
583 3279 637 3331 quo
651 3262 806 3336 impuleris,
892 3282 934 3317 ιο.
959 3264 1012 3333 Qui
1029 3276 1066 3316 est
1083 3268 1156 3319 totius
1173 3266 1263 3318 Italia.
1289 3266 1363 3319 Plio.

293 3342 404 3398 triennii
418 3341 535 3395 fructum
551 3341 686 3396 amittes·
703 3342 740 3397 Η.
849 3341 907 3407 ΙΙΙ,
932 3346 964 3403 6,
989 3343 1025 3397 de
1044 3344 1121 3398 Italia
1136 3364 1145 3399 r
1163 3342 1291 3399 «Incedit
1314 3364 1365 3417 per

335 3420 806 3491 &superessentialem
851 3422 947 3489 maria,
963 3423 1022 3477 culi
1037 3424 1148 3495 repone
1167 3422 1202 3477 ed
1222 3424 1364 3479 meridiem

294 3501 365 3562 Pint.
378 3520 411 3555 ex
422 3500 501 3555 MSS.
513 3499 638 3553 κᾰεαπιιιε
650 3500 809 3556 Grouor.et
851 3499 960 3571 quidem
973 3519 980 3555 :
993 3500 1042 3556 sed
1064 3502 1168 3575 siquis
1191 3502 1221 3557 id
1241 3502 1366 3575 diligenti

293 3581 328 3633 ul.
343 3582 396 3634 En.
850 3580 996 3637 subtilitate
1006 3582 1102 3654 exigat,
1118 3584 1189 3637 inter
1200 3596 1300 3637 sextam
1313 3585 1365 3637 ho·

335 3678 361 3731 7.
373 3656 604 3729 Arideffifflm.
615 3658 756 3716 Columell.
766 3662 806 3725 11,
851 3677 925 3727 ram,
936 3662 1105 3734 primamque
1116 3664 1275 3717 brumslem·
1288 3689 1300 3711 ι
1317 3663 1353 3719 Η.

296 3745 329 3802 l,
348 3758 376 3810 p.
386 3744 424 3810 Δγ
439 3756 447 3792 z
470 3740 583 3805 :Quam
599 3752 698 3793 terram
713 3740 808 3795 rustici
895 3758 940 3795 ιι.
955 3742 1055 3794 Terram
1074 3762 1135 3795 ecre
1152 3755 1264 3796 terem
1279 3744 1363 3805 Cato,

292 3820 393 3873 variam
409 3818 593 3889 cariosamque
605 3820 757 3891 appellant,
776 3839 808 3874 ea
851 3837 911 3890 esp.
923 3840 968 3875 ora
984 3838 992 3874 τ
1015 3847 1027 3869 ι
1043 3822 1106 3887 Quo
1121 3836 1201 3893 pacto
1214 3836 1365 3894 cupresseto

289 3910 340 3964 est,
362 3915 446 3970 quum
471 3908 533 3969 post
560 3898 653 3970 longas
677 3900 807 3954 siccitates
851 3900 904 3953 seri
920 3912 1043 3973 oporteat
1045 3940 1092 3955 .....
1112 3902 1164 3955 Per
1176 3920 1223 3955 rer
1241 3902 1323 3956 serito
1335 3903 1365 3955 in

291 3978 357 4031 levis
380 3976 472 4048 pluvia
503 3976 668 4047 superiorem
702 3994 806 4052 partem
850 3978 931 4041 loco,
956 3980 1004 4033 ubi
1030 3993 1100 4034 terre
1128 3982 1271 4036 tenerrima
1297 3980 1365 4046 erit,

210 4130 219 4137 ὴ
289 4058 429 4128 glebarum
459 4054 631 4126 madefacit„
650 4058 807 4115 inferiorem
851 4076 932 4128 quam
947 4060 1049 4131 pullam
1063 4074 1167 4117 vocant.
1182 4086 1193 4109 ι
1210 4062 1302 4115 Haeo.
