2925 5009
501 462 661 533 LIBER
686 464 816 531 XVII.
1170 462 1191 535 5

125 590 229 661 lueret
254 594 288 661 in
308 592 453 689 singulas
478 596 552 665 aeris
574 620 658 665 xxv.
686 596 778 687 Quid
798 598 1043 684 existimamus,
1068 612 1191 667 ventu·

125 686 248 767 rasne²⁸
269 724 323 770 eas
336 700 514 771 credidisse
535 702 578 783 ad
597 704 822 798 supradictam
837 703 1086 773 estimationem
1099 703 1192 791 illos,

125 807 180 897 qui
200 805 377 901 frugiferas
398 810 483 877 tanti
499 808 715 879 taxaverant?
730 810 803 880 Nec
819 811 928 879 miuus
946 808 1142 881 miraculum
1157 806 1192 881 iii
1209 830 1226 879 s

126 936 225 1004 pomo
242 928 312 997 est,
340 912 522 983 multarum
539 917 626 985 circa
648 916 839 985 suburbana
862 916 973 986 fructu
996 942 1110 989 annuo
1129 918 1192 987 ad-

126 1016 212 1088 dicto
220 1020 306 1090 binis
317 1018 462 1091 millibus
471 1046 645 1092 nummum
654 1022 679 1061 ²⁹
693 1023 844 1118 :majore
858 1022 1060 1117 singulamm
1072 1022 1193 1106 reditu,

124 1148 221 1217 quam
242 1140 316 1196 erat
339 1126 430 1221 apud
450 1128 603 1223 antiquos
625 1128 836 1224 praediorum.
865 1131 921 1199 Ob
937 1130 1004 1201 hoc
1020 1132 1137 1214 insita,
1160 1147 1194 1201 et

125 1230 278 1301 arborum
292 1258 427 1328 quoque
440 1220 600 1305 adulteria
618 1237 804 1331 excogitata
816 1251 913 1323 sunt,
931 1251 969 1306 ut
986 1223 1082 1307 nec³⁰
1094 1260 1193 1333 poma

126 1340 325 1433 pauperibus
333 1354 556 1410 nascerentur.
564 1342 664 1411 Nunc
676 1368 756 1437 ergo
768 1343 931 1422 dicemus,
944 1328 1042 1437 quo³¹
1051 1344 1193 1413 maxime

126 1444 221 1514 modo
241 1460 374 1516 tantum
397 1473 438 1516 ex
463 1447 515 1517 his
535 1447 674 1545 vectigal
703 1452 894 1543 contingat,
918 1474 1032 1518 veram
1062 1449 1192 1519 colendi

127 1552 283 1623 rationem
316 1551 569 1649 absolutamque
594 1555 769 1648 prodituri.
799 1558 843 1625 Et
869 1555 945 1625 ideo
968 1575 1037 1624 non
1058 1556 1194 1649 vulgata

125 1660 420 1745 tractabimus,nec
440 1685 513 1755 quae
534 1676 687 1731 constare
705 1648 1051 1749 animadvertimus³¹3
1066 1662 1124 1731 sed
1141 1664 1192 1732 in·

125 1780 328 1861 certantque
347 1766 470 1853 dubia,
497 1768 532 1835 in
553 1768 672 1863 quibus
690 1770 834 1839 maxime
856 1767 980 1838 fallitur
1003 1770 1081 1838 vita.
1104 1770 1191 1839 Nam

123 1869 326 1968 diligentiam
354 1874 389 1941 in
418 1876 632 1968 supervacuis
656 1874 834 1963 affectare,
860 1900 928 1944 non
951 1890 1101 1946 nostrum
1130 1892 1191 1947 est.

125 1980 206 2049 Ante
223 1982 338 2049 omnia
358 1994 468 2049 autem
491 1982 525 2049 in
547 1982 760 2068 universum,
785 1996 819 2051 et
845 2006 918 2077 quae
935 1982 978 2051 ad
996 1996 1117 2053 cuncta
1139 2006 1191 2051 ar·

125 2084 241 2155 borum
266 2110 388 2181 genera
411 2088 580 2181 pertinent
601 2089 851 2171 incommune,
879 2087 920 2157 de
941 2085 1021 2158 caelo
1040 2080 1195 2185 terraque

125 2190 280 2262 dicemus.

174 2302 218 2368 11.
231 2292 303 2389 (ιι.)
310 2298 472 2393 Aquilone
483 2299 640 2369 maxime¹
661 2300 821 2395 gaudent,
839 2300 1008 2371 densiores
1021 2301 1063 2370 ab
1077 2300 1192 2371 afflatu
1214 2342 1225 2375 ι

127 2404 192 2499 ejus
208 2405 432 2501 laetioresque,
446 2420 481 2475 et
491 2409 638 2477 materiae
651 2406 816 2477 firmioris.
829 2408 906 2495 Qua
922 2407 957 2475 in
974 2406 1027 2476 re²
1046 2406 1193 2503 plerique

125 2578 240 2633 incidere
254 2579 291 2633 ait
305 2578 413 2634 Servius
425 2578 458 2632 ad
476 2578 545 2633 illud
558 2578 636 2651 Virg.
723 2598 770 2649 ²9·
791 2580 861 2631 Binis
874 2580 979 2632 millibus
990 2599 1118 2633 ariminum.
1132 2580 1193 2634 Sive

127 2658 179 2713 Bel.
191 2658 248 2725 111,
260 2678 299 2713 rs.
311 2678 342 2713 rr
355 2677 362 2711 :
374 2662 481 2732 ·Atque
493 2660 560 2713 mela
572 2660 638 2713 vites
681 2659 981 2712 sestmdomm.Nostroe
990 2674 1104 2713 monete
1113 2658 1194 2715 libras

128 2738 242 2793 incidere
256 2739 324 2793 l'alce
337 2740 463 2793 novellus.
475 2765 486 2787 ι
504 2736 581 2793 Adde
597 2740 639 2791 his
681 2758 711 2793 ea
727 2738 854 2792 ducentes
864 2738 994 2792 efficiant.
1011 2740 1104 2792 liano.

126 2838 182 2889 quar
195 2819 308 2883 Paulus,
321 2819 416 2884 Caius,
429 2820 576 2889 Ulpianus,
589 2836 636 2872 cae·
726 2820 771 2873 30.
789 2818 876 2871 Uener
882 2838 964 2889 poma.
982 2818 1021 2871 Ut
1031 2838 1111 2889 poma
1126 2818 1195 2872 divi-

126 2899 388 2970 teriqnelurisperiti
398 2898 472 2952 deeo
480 2910 636 2970 argumento
685 2898 757 2951 tibus
768 2910 871 2952 tentam
888 2910 1072 2965 nescmentur,
1085 2900 1134 2971 qui
1145 2917 1194 2969 po·

126 2980 255 3045 inmuni,
269 2979 425 3051 Digestdib.
436 2979 549 3041 XLVI-I,
559 2978 636 3049 tit.7,
685 2996 727 3032 ms
739 2979 856 3032 inserere
875 2979 962 3043 varie,
975 2996 1005 3031 ac
1024 2980 1106 3032 veluti
1127 2978 1196 3032 letm

127 3060 250 3112 arborum
263 3059 356 3112 furtim
369 3076 506 3111 caurum.
516 3057 606 3111 Haeo.
681 3059 808 3111 arborum
815 3056 963 3111 adulterare
970 3058 1044 3110 vario
1055 3059 1194 3112 insitorum

166 3142 212 3194 ιθ.
226 3139 385 3194 Veneremur.
400 3138 444 3191 Sic
457 3136 637 3191 errassem.
682 3156 778 3209 genere
792 3150 908 3191 nossent.
923 3139 1015 3191 Haeo.

128 3217 208 3273 ilerd.
225 3238 299 3273 cons.
314 3218 406 3273 Chim.
420 3218 539 3272 Gronov.
560 3230 586 3270 et
601 3218 636 3270 el.
724 3218 772 3272 31.
787 3220 853 3289 Quo.
864 3218 925 3270 Vet.
941 3234 1052 3289 quonam.
1064 3216 1116 3269 Eo.

123 3300 258 3363 semmae.
284 3300 338 3352 En.
359 3330 399 3341 -
421 3298 579 3351 Ventarmae.
595 3298 637 3349 Au
724 3297 771 3350 da.
790 3298 1018 3351 Animadvertimus.
1037 3295 1115 3350 MSS.
1137 3314 1196 3349 om·

127 3391 249 3449 putamus
259 3376 402 3432 credidisse
414 3378 538 3442 Veteres,
549 3388 641 3430 ventu·
684 3396 744 3443 nes,
757 3382 837 3431 animo
852 3378 1003 3429 advertimus.
1026 3376 1116 3430 Haeo.

128 3476 168 3511 ras
184 3460 256 3511 lotos
271 3456 306 3510 ed
324 3456 381 3511 H-S
398 3457 507 3521 millies,
523 3458 570 3529 qai
584 3456 641 3509 lru·
723 3458 760 3510 Π.
776 3474 802 3510 r.
815 3458 937 3530 Aquilone
947 3452 1195 3527 marime'l'lieophr.

128 3538 223 3608 giiem
235 3538 298 3591 aeris
310 3556 362 3590 nv
376 3535 526 3591 laxamenti
548 3536 642 3592 lirun.
687 3534 721 3590 de
734 3539 813 3591 Ceus.
825 3538 873 3589 lib.
888 3538 931 3601 11,
951 3554 976 3588 c.
992 3540 1018 3598 4.
1037 3536 1197 3607 Aquilonem

127 3618 231 3673 -Jam
245 3636 324 3690 supra
337 3618 506 3678 monuimus,
518 3629 575 3670 not.
590 3616 637 3681 13,
683 3617 791 3670 iuterim
811 3635 826 3668 ι
846 3616 1038 3687 septemtrione
1060 3614 1197 3669 diversum

129 3716 187 3750 rum
203 3700 277 3767 qut.
294 3694 435 3768 legendnm
449 3714 520 3763 esse,
535 3713 567 3749 ex
576 3694 638 3747 Vel.
685 3714 740 3750 esee
750 3696 830 3761 scito,
842 3696 881 3749 uti
895 3694 1038 3748 docuimus
1049 3696 1091 3753 11,
1103 3698 1150 3758 46.
1161 3697 1196 3748 Η.

130 3777 239 3831 Maximi
249 3776 414 3838 testimonio,
431 3779 641 3828 sestertiumsm·
726 3796 753 3828 a.
764 3777 822 3845 Qua
835 3778 860 3827 in
874 3796 900 3828 re
910 3775 1027 3848 plerique.
1042 3776 1199 3829 Columella

129 3860 194 3925 giu,
217 3876 272 3910 non
287 3860 421 3909 sestertium
436 3856 536 3917 millies,
561 3873 642 3927 quam
686 3856 745 3909 heo
758 3854 844 3907 oratio
857 3868 911 3920 est,
927 3855 974 3907 lib.
996 3855 1049 3920 IV,
1063 3872 1122 3925 cap.
1141 3858 1176 3909 ιθ
1191 3876 1197 3905 ε

131 3935 341 3989 emendationem
354 3938 377 3991 ri
392 3937 539 4007 receperis,
553 3936 646 3989 imma·
692 3935 791 3988 uPalm
805 3936 843 3989 sic
854 3933 1008 4007 ponendus,
1020 3946 1049 3987 ut
1070 3934 1200 4005 frigorum

132 4034 164 4068 ne
174 4028 263 4070 tamen
274 4014 364 4069 elfere
376 4014 533 4071 incredibile
541 4013 645 4068 videbi·
690 4028 716 4067 et
729 4014 888 4086 aquilonum
904 4016 1018 4087 excipiet
1033 4014 1203 4079 violentiam,

134 4108 177 4147 tur
185 4114 228 4150 sex
242 4096 447 4152 arbuscularum
460 4095 585 4167 pretinm.
594 4094 644 4147 En.
691 4095 826 4167 vitemque
836 4106 972 4167 protegat,
984 4106 1056 4148 etc·
1073 4095 1162 4149 Hann.

1014 4188 1045 4271 '³
