2925 5009
456 474 614 543 traua
641 474 749 543 xlx.
1065 472 1137 571 395

117 606 208 675 xiii.
227 607 269 675 In
282 604 395 675 bortis
408 607 615 675 nascentium
628 604 692 675 alia
707 602 829 675 bulbo¹
847 606 1136 695 commendantur,
1159 637 1168 671 t

72 708 127 779 alia
143 710 282 805 capite²,
305 711 372 781 alia
390 698 514 801 caule³,
533 710 597 781 alia
616 710 718 799 sotio,
738 710 801 783 alia
819 726 981 809 utroque,
1002 713 1068 785 alia
1084 740 1138 785 se·

72 816 231 903 mine,alia
251 806 412 905 cortioe⁴,
425 816 489 887 alia
504 832 600 908 cute,
616 834 675 889 aut
688 818 900 914 cartilagine,
916 806 1002 889 alia⁵
1019 844 1136 910 earne,

72 919 126 992 alia
146 910 290 995 tunicis⁶
309 926 468 995 carnosis.

112 1033 220 1099 xxii.
243 1028 401 1101 Aliorum
418 1030 547 1102 fructus
563 1032 598 1101 iu
616 1046 704 1101 terra
723 1046 795 1117 est,
811 1024 953 1101 aliorum
969 1046 1004 1102 et
1023 1048 1135 1122 extra,
1156 1063 1168 1095 ι

68 1132 196 1205 aliomm
215 1161 290 1207 non
311 1138 377 1207 nisi
393 1152 495 1207 extra.
514 1137 675 1227 Quaedam
692 1138 807 1232 jacent
832 1151 1071 1233 crescuntque,
1096 1154 1136 1211 ut

68 1242 239 1313 cucurbitae
263 1258 302 1312 et
323 1244 486 1313 cucumis.
516 1244 642 1317 Eadem
661 1244 829 1339 pendent,
844 1268 1034 1339 quanquam
1058 1270 1139 1341 gra·

68 1349 152 1417 viora
176 1347 290 1419 multo
316 1350 416 1419 etiarn
439 1350 478 1421 iis
495 1373 570 1444 qum
592 1352 627 1419 in
651 1350 826 1420 arboribus
846 1350 1056 1444 gignuntur:
1081 1352 1140 1422 sed

68 1456 205 1525 cucumis
220 1455 432 1550 cartilagine.
450 1459 576 1527 Cortex
588 1456 667 1525 huie
686 1459 745 1525 uni
760 1457 953 1527 mutuante
969 1458 1089 1527 transit
1104 1458 1140 1527 in

69 1556 194 1652 lignum.
205 1564 319 1631 Terra
328 1562 520 1632 conduntur
531 1562 688 1659 raphani,
701 1564 866 1657 napique,
877 1576 912 1631 et
924 1586 1024 1657 rapa;
1039 1576 1140 1659 utque

69 1662 126 1734 alio
140 1668 242 1738 modo
261 1668 380 1753 inuia,
398 1670 490 1757 siser,
505 1670 690 1763 pastinaca.
709 1668 873 1758 Quaedam
886 1669 1081 1739 vocabimus
1092 1668 1141 1739 fe·

70 1770 208 1853 mlacea,
224 1788 266 1845 ut
282 1776 467 1860 anethum,
484 1774 610 1845 malvas
623 1800 630 1843 :
644 1798 789 1870 namque
806 1772 958 1845 tradunt¹
974 1790 1140 1862 auctores,

70 1877 239 1949 inbrabia
263 1880 394 1951 malvas
418 1882 562 1976 septimo
583 1906 696 1951 mense
723 1878 978 1967 arborescere,
1002 1880 1140 1951 baculo·

71 2006 202 2079 rumque
220 2012 325 2057 usum
343 1986 491 2083 prebere
506 1986 684 2083 extemplo.
706 1986 771 2057 Sed
789 2003 824 2057 et
843 1986 946 2057 arbor
963 2001 1015 2058 cst
1031 1986 1140 2057 malva
1161 2021 1174 2055 2

71 2089 101 2157 in
114 2092 329 2164 Mauretania
345 2096 419 2164 Liui
435 2094 550 2190 oppidi
561 2094 729 2180 aestuario,
742 2092 800 2162 nbi
811 2092 1035 2187 Hesperidum
1048 2094 1140 2165 horti

73 2194 162 2267 trisse
174 2201 371 2293 produntur
385 2223 428 2271 cc
439 2224 526 2296 pass.
535 2200 579 2269 ab
590 2202 744 2287 Oceano,
752 2201 848 2294 juxta
863 2198 1040 2269 delubrum
1054 2204 1140 2269 Her·

74 2301 164 2391 culis,
184 2307 358 2403 antiquius
375 2307 562 2391 Gaditano,
590 2322 628 2377 ut
648 2306 770 2377 femnt.
788 2310 865 2401 lpsa
882 2305 1064 2377 altitudinis
1082 2330 1139 2403 pe·

74 2406 143 2479 dum
162 2437 227 2499 xx,
244 2412 473 2484 crassitudinis
493 2438 594 2509 quam
611 2411 841 2509 circumplecti
854 2438 955 2483 nemo
973 2414 1085 2508 possit.
1100 2417 1140 2481 In

75 2594 171 2655 dicitnr.
178 2602 277 2657 Cotteloe
289 2602 434 2674 dejardt'ns,
446 2602 476 2655 de
484 2602 582 2667 naam,
626 2616 656 2656 ut
666 2602 742 2673 porri
753 2614 781 2655 et
792 2620 930 2675 ceperum,
945 2608 1102 2657 exuberant
1110 2604 1140 2658 in

76 2676 272 2750 comm,
286 2696 338 2736 etc.
349 2708 362 2729 ι
381 2680 473 2735 lirun.
625 2682 731 2751 ospitat
743 2680 856 2735 undeet
871 2682 1014 2751 capitatum
1027 2701 1140 2755 portum

109 2759 180 2814 XXI.
194 2761 382 2819 1.Atiatuibo.
395 2760 529 2815 Rotunda
539 2780 583 2815 ra·
625 2761 677 2814 tibi
688 2778 789 2814 nomen
802 2762 943 2831 arrogavit.
959 2762 1053 2816 Hero.

78 2832 140 2892 diues
165 2844 220 2897 snit
245 2842 410 2897 membranis
437 2841 583 2905 tunicatae,
667 2841 695 2894 3.
709 2841 772 2895 Ain
790 2842 867 2892 caah.
889 2841 977 2905 Quem
990 2854 1017 2895 et
1031 2860 1140 2916 scapum

77 2914 143 2971 bulbi
162 2924 363 2977 nominantur:
381 2922 437 2975 tire
458 2920 582 2991 pluribus
626 2918 715 2973 huni
730 2931 836 2976 vocant.
851 2916 941 2973 litun.

78 2998 187 3067 capitolia
202 3014 443 3074 coagmententnr,
466 3018 521 3053 nuo
533 3000 583 3053 tol·
668 2999 1141 3065 4.Aiuconioe.cortioe‚utcueur·

78 3072 149 3132 lienlo
164 3099 261 3137 omnes
278 3081 427 3145 ambiente,
445 3078 501 3133 tire
521 3096 586 3150 qna·
626 3078 815 3134 bitreeeortice
828 3092 856 3133 et
867 3080 1037 3151 entilugino,
1047 3082 1141 3153 rapbe·

80 3151 206 3215 &nimus
241 3160 375 3215 distinctae
404 3171 583 3231 separenturt
626 3158 716 3213 uiant
728 3156 833 3213 dicetur
843 3157 968 3221 inferius,
981 3177 1039 3232 etp.
1053 3161 1151 3217 anit.

80 3238 158 3306 qaue
164 3254 227 3295 tunt
238 3238 584 3303 crocidiliornmmarcissi,
669 3238 696 3293 5.
713 3238 776 3292 Atia
796 3256 877 3291 corne.
890 3238 931 3292 Ut
951 3257 1050 3310 poma,
1063 3243 1142 3312 pira,

82 3316 342 3385 uoluminum.
355 3318 532 3373 liebulboea
543 3336 584 3371 ra·
627 3334 755 3389 pepones.
772 3313 865 3371 Han.

81 3392 143 3451 dice
153 3402 190 3455 tie
202 3400 255 3456 inb
272 3413 343 3455 tem
356 3410 495 3463 menone,
506 3410 536 3452 ur
548 3395 584 3453 sd
668 3401 695 3451 6.
710 3397 772 3450 Atia
785 3398 879 3449 trucis.
895 3398 935 3451 tit
947 3416 1030 3470 cepe.
1043 3398 1079 3453 tt.

82 3490 166 3533 turam
180 3480 329 3555 quotannis
343 3479 464 3533 sobolem
475 3476 585 3548 decerpi
666 3476 758 3531 xxa.
778 3494 804 3529 1.
823 3476 934 3549 Namque
949 3478 1050 3533 indm
1060 3491 1144 3533 meio·

84 3554 157 3629 aliqua
170 3560 262 3633 portio
274 3558 367 3631 possit.
382 3560 475 3613 iiten.
629 3576 683 3622 res,
694 3570 746 3611 eto.
754 3556 930 3627 Theopbrtst
943 3558 1043 3613 Hister.
1053 3560 1101 3614 lib.
1112 3562 1142 3623 1,

118 3656 141 3691 a.
160 3642 224 3695 Ata
244 3644 331 3711 eapite.
346 3636 465 3711 qunod
479 3652 585 3690 sursunt
629 3634 843 3709 etp.5.l1ian.

85 3711 230 3775 dmrmmve
251 3721 281 3775 irt
305 3719 413 3791 globum
431 3716 582 3777 extuberat,
670 3714 1144 3787 niiumseptinomotmn,

86 3806 123 3849 att
141 3798 168 3853 in
191 3802 287 3855 orbern
309 3800 488 3870 glomeratur,
505 3806 586 3867 capnt
628 3794 812 3868 internupta
824 3796 1008 3868 asanproedere
1016 3802 1142 3870 metaph.

87 3870 132 3931 ilici
149 3880 303 3935 consuevit:
316 3892 346 3933 ut
361 3878 390 3930 in
402 3892 551 3949 papaveret
562 3874 585 3929 ti
629 3875 806 3946 Tbeopbrast.
824 3874 925 3931 Histoe.
937 3877 984 3931 lib.
996 3878 1025 3943 1,
1037 3897 1097 3951 cap.
1110 3880 1143 3945 5,

87 3956 586 4028 mgnitudineeeteeritmpitulumra
630 3954 734 4009 cultura
749 3954 780 4009 id
798 3954 859 4009 fieri
881 3969 975 4010 auctor
997 3970 1051 4022 eet,
1070 3958 1144 4013 nulls

87 4050 132 4104 qno
144 4042 225 4095 multe
237 4040 383 4093 herbarum
394 4035 586 4109 capitulatari·
630 4035 754 4106 privatim
777 4036 846 4091 iacta
867 4035 974 4089 Arabia
997 4038 1143 4095 meritisne.

89 4128 167 4173 tantur
180 4118 295 4191 intigit.
309 4115 421 4173 Radices
436 4115 587 4181 nonnulle,
630 4116 735 4169 Dium.
