2925 5009
335 435 405 517 ¹24
510 478 515 488 ,
597 433 635 501 C.
664 434 829 506 PLINII
856 435 971 506 MT.
999 439 1130 508 flls‘r.

327 565 458 634 arctari.
465 564 557 654 Quin
565 566 668 636 immo
681 569 782 637 enam
790 569 910 663 quibus
918 568 1033 640 salices
1040 584 1231 666 supersunt,
1245 570 1406 645 molliore

326 672 392 741 hoc
404 669 538 740 vinculo
549 671 658 742 lacere
672 673 821 762 malunt,
839 675 1028 770 herbaque,
1041 674 1144 746 Siculi
1159 700 1260 772 quam
1274 695 1406 750 vocant

326 776 597 872 ampelodesmon
605 777 651 848 ¹⁹:
672 783 804 851 Graecia
828 805 906 850 vero
925 784 1084 852 universa
1103 783 1225 876 junco,
1252 809 1403 880 cypero,

327 881 446 954 ulva²⁰.
466 885 655 956 Liberatam
674 911 806 982 quoque
820 887 956 958 vinculo
970 913 1031 984 per
1044 887 1171 984 aliquot
1180 889 1250 959 dies
1263 895 1404 985 vagari,

324 1006 358 1060 et
377 991 579 1062 inconditam
605 995 738 1088 spargi,
759 1007 858 1088 atque
875 995 918 1062 'in
944 1009 1054 1085 terra,
1081 1019 1183 1089 quam
1203 1020 1265 1091 per
1288 1012 1403 1066 totum

275 1099 308 1175 ’46
326 1099 481 1168 annum¹¹
500 1101 716 1192 spectaverit,
735 1100 940 1170 recumbere.
960 1103 1145 1197 Namque¹¹
1160 1117 1200 1172 ut
1213 1103 1368 1172 veterina
1384 1129 1406 1172 a

322 1205 421 1298 jugo,
441 1219 475 1274 et
489 1228 588 1274 canes
606 1229 627 1273 a
644 1230 746 1282 cursu
762 1203 924 1276 volutatio
940 1208 1054 1301 juvat,
1069 1210 1117 1277 its
1135 1223 1207 1276 tum
1227 1223 1262 1276 et
1279 1211 1403 1278 vitium

324 1313 451 1406 porrigi
468 1309 609 1380 lumbos.
623 1310 734 1382 Arbor
747 1336 881 1406 quoque
899 1314 971 1408 ipsa
990 1314 1115 1408 gaudet
1133 1313 1267 1384 assiduo
1291 1314 1403 1384 levata

325 1441 443 1504 onere,
462 1415 576 1486 similis
597 1417 784 1512 respiranti.
802 1417 958 1513 Nihilque
977 1408 1062 1489 est²³
1077 1421 1113 1490 in
1134 1445 1237 1514 opere
1254 1436 1402 1508 natum,

326 1522 417 1617 quod
439 1547 507 1592 non
534 1521 687 1618 exemplo
706 1522 835 1594 dierum
857 1526 1071 1620 noctiumque
1095 1524 1221 1620 aliquas
1240 1529 1336 1596 vices
1353 1527 1402 1598 fe·

325 1631 450 1698 riarum
469 1627 557 1699 velit
580 1629 635 1698 Ob
656 1627 689 1697 id
704 1631 857 1724 protinus
873 1631 1074 1701 avindemia
1093 1633 1224 1728 putari,
1245 1647 1281 1701 et
1299 1633 1402 1704 lassas

326 1735 508 1804 etiamnum
527 1734 639 1804 fructu
664 1733 774 1820 edito,
801 1735 1017 1831 improbatur.
1040 1740 1166 1808 Putntae
1187 1763 1309 1809 rursus
1333 1738 1401 1809 alli·

327 1854 448 1935 gentur
458 1839 523 1910 alio
538 1838 635 1910 loco:
657 1865 801 1936 namque
814 1842 939 1912 orbitus
948 1834 974 1876 ²⁴
985 1844 1109 1913 vinculi
1126 1846 1292 1932 sentiunt,
1309 1870 1402 1914 rere

275 1961 308 2024 ⁴7
327 1947 416 2015 tione
431 1970 499 2016 non
513 1945 623 2016 dubia.
635 1945 803 2018 Traduces
817 1946 944 2019 Gallica
963 1939 1125 2020 cultura²⁵
1141 1949 1211 2018 bini
1230 1953 1400 2046 utrimque

327 2051 504 2140 lateribus,
517 2054 544 2123 si
562 2077 640 2148 pars
655 2053 870 2152 quadrageno
878 2043 903 2082 ²⁶
915 2055 1014 2124 distet
1030 2058 1156 2150 spatio:
1179 2061 1356 2150 quaterni,
1375 2060 1401 2127 si

327 2237 838 2310 inciduntruncumquestrsngulet.sii.
924 2241 970 2294 23.
993 2241 1111 2312 Nihilque
1120 2253 1164 2293 est.
1178 2241 1240 2294 linc
1257 2256 1362 2313 spectat
1372 2242 1399 2294 il·

371 2319 662 2389 19.Ampslodesmon.il
671 2318 776 2388 ligantis
785 2321 840 2374 vite
881 2318 931 2374 lud
944 2321 1076 2386 Nasonis,
1095 2319 1206 2374 Heroid.
1220 2321 1272 2386 IV,
1287 2341 1330 2376 vs.
1345 2324 1397 2390 89:

327 2387 697 2472 eiberbnnomen.lpnrtoc
711 2397 840 2465 sitirent,
885 2425 898 2448 ι
913 2398 995 2465 Quod
1014 2412 1087 2454 curet
1105 2401 1209 2454 alterne
1222 2401 1337 2472 requie,
1351 2399 1398 2453 du·

301 2488 304 2496 '
327 2477 466 2531 vinculum
480 2473 582 2549 δεσμός.
597 2481 630 2532 Iu
645 2475 735 2532 Sicilia
749 2477 842 2532 bodie·
881 2480 967 2532 rabile
979 2499 1036 2532 non
1051 2492 1099 2533 ost
1109 2505 1121 2527 ι
1135 2480 1228 2532 lino.

328 2575 381 2628 que
394 2557 443 2610 Dis
455 2558 544 2616 soceri
554 2595 562 2622 ,
573 2570 666 2612 auctor
679 2567 719 2612 est
730 2558 843 2628 Anguil·
926 2565 971 2622 ²4·
980 2559 1094 2632 Namque
1105 2560 1205 2613 orbitas.
1220 2559 1255 2611 In
1270 2559 1352 2612 Colb.
1366 2559 1397 2612 3:

328 2637 385 2690 lara
399 2649 468 2708 part.
485 2656 533 2698 rs.
549 2655 610 2710 pag.
626 2645 691 2702 ²14·
708 2637 799 2690 Hrnn.
886 2639 1124 2709 -unmqueornin
1135 2638 1352 2692 vinmttvenrio
1362 2651 1398 2692 est

370 2734 415 2770 so.
431 2716 503 2770 Ulca.
519 2717 605 2780 Ulvn,
619 2717 703 2774 herba
715 2716 840 2790 palustris
881 2735 938 2770 non
947 2715 1040 2771 dubie.
1053 2742 1064 2763 ι
1081 2716 1151 2781 Atii,
1163 2734 1184 2764 ἰ
1198 2735 1321 2789 nemque
1331 2717 1398 2770 orbi·

328 2807 376 2848 est.
388 2796 449 2848 Vox
464 2808 528 2850 notu
537 2795 701 2867 Virgilio,-et
710 2798 776 2853 eliis.
785 2795 819 2850 H.
884 2808 937 2849 um
951 2797 1053 2851 vinculi
1068 2798 1206 2860 confiunt,
1228 2799 1397 2851 vexationem

370 2876 513 2945 21.()uam
529 2895 575 2945 per
590 2888 666 2930 torum
684 2897 782 2932 moun.
797 2874 841 2928 Sic
882 2895 939 2928 non
952 2873 1071 2930 dubiam.
1086 2901 1097 2923 ι
1109 2873 1298 2930 Vicholnm.
1309 2878 1357 2930 lib.
1366 2876 1395 2940 V,

327 2955 391 3008 libri
402 2972 507 3019 omnes,
519 2955 597 3008 etism
605 2955 681 3010 MSS.
698 2955 841 3010 Pelices-ius
882 2973 941 3027 cap.
956 2960 984 3010 6.
1009 2957 1102 3009 ilino.

328 3047 415 3088 temen
436 3033 466 3086 in
492 3034 562 3088 notis
579 3037 770 3106 marginalibus
791 3032 840 3087 nd·
926 3037 972 3088 2⁵.
985 3035 1204 3089 Gallicacultura.
1226 3035 1268 3088 Ut
1290 3033 1398 3104 quiden

328 3126 432 3176 monet,
445 3113 496 3168 sibi
508 3113 594 3168 videri
607 3133 700 3170 vocem
717 3134 777 3169 enm
793 3133 840 3165 cn·
883 3115 966 3168 moris
980 3127 1018 3168 est
1031 3115 1060 3168 in
1071 3104 1290 3184 arbustislssattie
1303 3115 1396 3168 Trans·

328 3214 384 3248 uum
399 3191 526 3265 adjectum
548 3213 564 3247 a
588 3194 671 3249 sciolo
691 3194 839 3267 quopiam:
884 3191 1142 3265 elpinoe.'1'rsdnces
1161 3207 1225 3247 sunt
1244 3194 1368 3264 pelmiter
1379 3192 1396 3244 ii

328 3274 380 3344 legi
389 3294 435 3344 per·
450 3286 526 3326 torum
542 3287 682 3344 oportere,
696 3275 750 3328 boc
763 3285 841 3336 est,e
883 3274 931 3344 qni
948 3292 982 3326 cx
996 3293 1049 3327 unu
1061 3276 1172 3336 arbore,
1184 3273 1230 3326 cui
1244 3274 1394 3346 alligantur,

328 3354 411 3406 cubili
432 3354 535 3406 arboris
550 3353 754 3424 requiescendo:
770 3352 841 3406 nllu-
884 3351 1011 3417 deducti,
1032 3371 1095 3406 cum
1114 3353 1271 3424 palmitibus
1295 3353 1396 3408 alterins

328 3434 429 3486 sionem
442 3431 528 3486 videri
539 3437 563 3486 in
573 3443 652 3498 terra,
663 3447 690 3486 et
698 3452 744 3502 per
753 3444 840 3486 tonus.
884 3432 987 3486 arboris
995 3433 1127 3502 proximo
1136 3443 1343 3486 connectuntur.
1362 3431 1394 3484 fl.

329 3513 415 3570 Toros
427 3530 443 3565 n
453 3511 609 3577 Columella,
622 3511 671 3566 lib.
683 3513 720 3576 V,
735 3529 795 3583 esp.
807 3517 841 3575 6,
927 3517 973 3567 26.
986 3511 1016 3565 Si
1021 3531 1081 3583 pars
1087 3512 1255 3584 quadrageno.
1278 3511 1309 3566 Si
1324 3508 1394 3584 pedi

329 3591 458 3664 appellari
467 3605 606 3661 parteseae
615 3591 788 3664 ritis‚quibns
798 3609 841 3644 er·
883 3591 935 3644 bns
951 3589 1126 3663 quadragenis
1145 3592 1255 3644 arbores
1279 3592 1349 3645 inter
1370 3606 1395 3640 sc

328 3672 389 3724 bori
398 3671 583 3742 applicarunt
587 3669 696 3725 udicent
708 3671 797 3742 periti.
805 3671 841 3726 Η.
883 3669 1029 3724 dissideant
1044 3691 1051 3724 :
1065 3669 1139 3743 quod
1154 3669 1272 3740 spetinm
1286 3667 1393 3724 ustioni

371 3770 414 3804 π.
435 3749 552 3822 Namque.
576 3752 645 3804 Nam
668 3763 698 3804 ut
721 3749 842 3804 veterius
884 3747 1041 3805 destinetur.
1055 3752 1085 3805 si
1097 3750 1199 3803 vicenis
1214 3761 1393 3815 mutumne·

324 3831 449 3898 jumsnta‚
469 3842 597 3902 postquam
623 3831 726 3884 liberata
746 3841 803 3882 sunt
824 3848 842 3882 ι
885 3825 967 3884 duces
985 3847 1040 3883 esse
1053 3841 1164 3902 possunt
1176 3831 1318 3899 quaterni3
1332 3845 1393 3899 quo·

326 3910 405 3980 jugo,
419 3921 446 3961 et
457 3927 536 3961 onnes
542 3921 700 3980 posteri-rum
709 3909 841 3964 volutstio
884 3909 974 3975 nium,
985 3921 1015 3962 ut
1024 3911 1146 3980 superius
1160 3908 1263 3962 dictum
1277 3921 1391 3973 estmoe

326 3987 591 4058 parmanensis
602 4003 630 4043 et
639 3987 843 4060 vitiumporrigi
886 3988 925 4042 ibi
937 3999 1036 4042 arator.
1056 3988 1116 4041 Hoc
1130 3989 1208 4058 plene
1224 3986 1331 4042 ridetur
1343 4003 1393 4038 esse

324 4067 454 4138 palmites,
470 4069 626 4138 quesitorem
641 4082 667 4124 et
676 4069 795 4124 lumbos.
808 4067 841 4122 ll.
886 4066 959 4139 quod
971 4068 1008 4122 sit
1020 4067 1127 4122 Colum.
1144 4067 1193 4122 lib.
1204 4069 1240 4134 V,
1252 4087 1311 4140 cop.
1328 4062 1391 4135 7,de
