2925 5009
489 496 650 566 LIBER
679 496 764 564 XX.
1085 496 1161 598 529

88 642 146 698 aut
164 630 247 699 uino
266 627 470 698 absinthite:
491 641 527 698 et
549 629 576 698 si
597 629 697 699 tussis
713 629 886 713 sentiatur,
907 627 1075 727 hyssopite
1101 632 1161 702 nd·
1233 683 1236 690 ·

88 736 206 804 mixto.
228 737 366 804 Dantur
386 731 528 806 coeliacis
549 759 628 804 cum
649 733 769 804 intubo
787 735 954 824 erratico,
975 751 1011 806 et
1035 737 1079 808 ad
1100 737 1162 810 du·

87 841 197 910 citium
215 839 477 936 praecordiorum
484 825 520 911 ¹⁶.
537 843 673 910 Dantur
687 854 722 910 et
742 837 990 914 melancholicis
1013 843 1164 917 candidas

87 947 311 1040 copiosiores,
332 961 367 1015 ct
382 946 426 1016 ad
439 946 557 1016 vesiooe
575 947 665 1016 vitia.
679 949 885 1042 Praxagoras
901 961 936 1018 et
949 945 1163 1042 dysentericis

85 1050 189 1122 dedit.
220 1051 391 1122 Ambustis
412 1075 547 1146 quoque
574 1066 717 1146 prosunt
741 1051 949 1142 recentibus,
970 1055 1163 1150 priusquam

86 1157 232 1254 pustulae
244 1157 343 1240 fiant,
357 1182 436 1227 cum
449 1154 518 1228 sale
530 1155 630 1228 itlitoe.
645 1155 791 1228 Hulcern
802 1159 918 1245 etiam,
927 1182 1000 1253 quas
1013 1176 1162 1256 serpunt,
1182 1175 1198 1230 t

85 1278 266 1350 coercent,
284 1263 377 1332 initio
391 1287 470 1334 cum
484 1263 798 1358 apbmnitru‚‚mox
816 1265 852 1334 in
869 1265 958 1334 vino.
976 1267 1077 1336 Tritae
1095 1268 1164 1363 igni

84 1395 184 1442 sacro
205 1369 391 1439 illinuntur.
412 1367 583 1440 Consules
601 1383 637 1439 et
664 1366 777 1438 luxata
798 1367 948 1440 caulibus
976 1372 1062 1442 tritis
1085 1396 1164 1443 cum

85 1477 225 1571 polenta
242 1499 284 1544 ex
300 1498 386 1570 aqua
401 1473 522 1570 frigida
540 1473 677 1544 leniunt
694 1476 899 1568 Eruptiones
907 1473 930 1516 ¹⁷
950 1475 1164 1572 papularum,

85 1607 128 1652 ex
146 1583 231 1652 vino
248 1595 283 1652 et
299 1579 446 1676 polenta.
463 1583 504 1649 ln
523 1577 658 1651 cholera
675 1603 810 1674 quoque
833 1595 946 1652 coctas
966 1583 1086 1680 patinis
1107 1581 1164 1654 de·

85 1687 229 1758 derunt:
246 1686 288 1756 ad
300 1687 391 1781 quod
401 1683 582 1756 utilissimae
598 1709 699 1780 mam
716 1687 850 1756 maximi
867 1685 974 1756 oeulis
983 1701 1018 1756 et
1029 1712 1161 1760 amarae.

84 1793 235 1884 Quidam
244 1779 269 1818 ¹⁸
287 1790 374 1862 lactc
398 1791 589 1861 infundunt.
608 1789 838 1861 Defervefacti
858 1791 894 1860 lri
915 1791 1027 1862 caules
1042 1807 1076 1863 et
1095 1809 1162 1864 sto·

85 1900 211 1970 macho
225 1898 389 1968 utilissimi
404 1896 601 1966 traduntur:
617 1898 706 1966 sicut
719 1921 838 1967 somno
855 1897 1001 1968 testiva¹⁹
1022 1901 1164 1970 maxime
1249 1973 1259 1986 ‚

85 2005 237 2091 banca,
257 2017 293 2074 et
309 2026 424 2072 amara
443 1999 656 2096 lacteusque,
677 2025 776 2095 quarn
796 2002 1006 2073 meconidem
1019 2001 1044 2028 '⁰
1062 2029 1161 2076 voca·

83 2113 208 2181 vimus.
224 2113 301 2180 Hoc
315 2107 368 2179 luc
377 2107 400 2132 ²¹
414 2123 450 2178 et
464 2106 639 2180 oculorum
654 2105 798 2178 claritati
811 2132 889 2178 cum
904 2097 1060 2180 'muliebri
1078 2109 1163 2181 lacte

83 2217 297 2288 utilissimum
313 2239 387 2284 esse
403 2216 608 2310 praecipitur,
627 2213 708 2282 dum
728 2216 925 2308 tempestive
946 2217 1045 2309 capiti
1062 2217 1161 2286 inun-

84 2337 223 2419 guntur.
237 2319 601 2416 Oculorum²⁸quoque
612 2319 718 2406 vitiis,
737 2343 810 2413 quae
829 2319 952 2414 frigore
969 2321 1002 2390 in
1018 2322 1057 2391 iis
1073 2322 1160 2393 facta
1178 2343 1196 2394 6
1316 2407 1325 2432 ι
1343 2411 1346 2422 Ι

83 2443 174 2500 sunt.
195 2429 300 2497 Mirus
317 2441 352 2496 et
375 2425 455 2498 alias
479 2427 612 2496 invenio
634 2423 770 2494 laudes:
789 2425 935 2496 thoracis
953 2428 1055 2497 etiam
1072 2429 1160 2499 vitiis

82 2534 263 2630 prodesse,
280 2557 351 2602 non
367 2556 462 2602 secus
478 2556 579 2627 quarn
596 2529 814 2618 abrotonum,
832 2556 909 2601 cum
928 2531 1027 2602 melle
1044 2535 1157 2604 attico.

128 2701 175 2751 16.
206 2693 411 2748 emmaum
435 2693 603 2765 Hypoobnu·
644 2691 772 2764 papaveri
782 2691 886 2746 viribus
897 2711 953 2748 esse
966 2712 1075 2765 prorsus
1087 2695 1161 2750 simi·

83 2775 225 2840 drictum
235 2773 329 2838 lienis,
338 2773 487 2844 etbepatis.
498 2772 601 2827 Druso.
644 2771 697 2824 lem
713 2768 883 2825 Dioscorides
895 2771 947 2836 ait,
961 2772 1077 2844 ideoque
1093 2793 1161 2828 non·

126 2851 601 2926 17.Empuom.QosGmittas-
643 2850 732 2904 nullos
747 2867 856 2904 succum
871 2853 929 2922 ejus
943 2852 1055 2906 lacteum
1072 2871 1160 2908 meco-

82 2937 197 3006 tu'puse.
208 2933 310 2987 Plinius
319 2949 392 2986 nunc
403 2931 603 3001 populanum
643 2929 710 2982 aino
724 2929 893 3000 permiscere.
905 2929 973 2984 Inde
986 2933 1104 2986 menonis
1116 2953 1160 2986 co·

82 3010 350 3086 eruptionespisuitss
359 3023 451 3066 voest:
463 3010 602 3064 tubercula
643 3008 797 3080 [nominata
807 3021 854 3062 est.
859 3008 930 3063 Vide
938 3028 1018 3081 supra
1025 3010 1073 3066 lib.
1082 3013 1159 3077 XlX,

84 3093 228 3157 videlicet,
241 3092 300 3163 que
310 3091 408 3163 jejunas
418 3091 505 3142 saliva
517 3087 600 3143 deiri·
643 3107 668 3142 c.
685 3093 709 3140 t.
725 3087 828 3141 Druso.
842 3119 882 3132 —
895 3089 1044 3142 Meconidsm
1063 3097 1169 3144 wocurt·

83 3173 191 3228 catione
204 3182 341 3229 curantur.
355 3169 462 3240 Papulis
473 3169 543 3222 cutis
555 3187 601 3223 ex·
643 3185 703 3220 usus.
726 3165 787 3220 Lib.
811 3168 866 3225 IX.
890 3167 937 3238 37.
958 3169 1073 3231 Musaei(
1095 3184 1159 3226 atras

82 3265 246 3325 asperatur,
269 3261 298 3303 et
319 3249 425 3313 rubet,
452 3248 601 3318 leviterque
642 3245 753 3300 lsetuoe
762 3259 788 3299 et
799 3249 1050 3317 maragenns,cui
1059 3267 1158 3304 nornen

83 3331 199 3386 roditur.
209 3329 316 3384 Celsum
325 3327 405 3392 vide,
413 3328 450 3393 V,
460 3345 485 3380 c.
495 3341 600 3399 postre-
642 3337 683 3378 est
692 3343 708 3380 s
718 3325 792 3378 lactis
802 3325 945 3396 soporiferi
956 3327 1041 3398 copia.
1055 3327 1159 3384 Laudat

83 3430 148 3476 mo,
164 3411 208 3466 tit.
220 3409 252 3462 de
265 3409 376 3480 Pupult's.
389 3405 482 3460 Hanc.
641 3421 701 3459 um
720 3403 838 3459 Galenus
859 3405 927 3458 suris
947 3407 1055 3473 τόπους,
1074 3409 1158 3474 vm,

127 3493 175 3546 ss.
192 3486 436 3560 Quidw.Quidsm
452 3503 514 3540 cum
531 3485 600 3540 lacte
642 3489 678 3550 is
691 3502 719 3554 p.
734 3484 801 3554 577.
816 3481 909 3538 litun.

83 3569 232 3624 infundunt
243 3566 410 3639 clysteribus.
425 3563 596 3618 tL-laese.
682 3581 728 3616 st.
747 3563 803 3616 Hcs
818 3564 857 3615 lae
878 3576 908 3615 st·
921 3565 1010 3617 oculor.
1035 3567 1160 3640 claritati,

83 3645 231 3720 Vetapnd
240 3647 299 3700 Dal.
314 3659 342 3699 et
354 3644 407 3704 cb.
419 3644 487 3697 tacit.
501 3645 557 3698 En.
637 3654 689 3696 etc.
706 3641 796 3696 Diosc.
809 3641 853 3706 11,
867 3661 895 3715 p.
912 3645 976 3698 166.
989 3643 1083 3700 Huc.

126 3746 173 3796 19.
189 3725 278 3780 sam
290 3727 383 3778 assim
401 3722 446 3776 Sic
463 3741 497 3776 ex
517 3721 596 3776 MSS.
680 3719 1155 3780 ss.Ocslorum.Adustionibuslorte

83 3805 190 3862 emend.
204 3799 597 3860 sinemurensem.
639 3817 673 3854 ex
685 3801 800 3870 frigore,
815 3819 880 3872 quas
889 3803 1030 3863 ἐπικαὺσιις
1046 3822 1079 3856 eo
1095 3804 1157 3858 loeo

82 3890 254 3940 mustus
263 3879 313 3938 Gr.
326 3895 354 3936 et
366 3881 408 3938 Al.
423 3883 477 3935 En.
638 3880 757 3951 appellat
770 3879 948 3934 Dioscorides.
969 3881 1003 3934 Η.
1024 3913 1065 3928 -
1089 3883 1156 3936 Dum

125 3957 178 4018 a?
192 3965 273 4034 Qm
294 3961 454 4022 meconidem,
470 3973 520 4016 etc.
538 3967 597 4020 nta-
642 3963 804 4030 tesrpsstirs...
819 3959 965 4023 Oculorum,
981 3961 1156 4033 etc.Vet.sp.

83 4046 153 4104 susle
168 4061 231 4096 sero
241 4042 367 4096 silvestris
379 4054 418 4094 est
427 4054 453 4094 et
467 4040 599 4111 descripte
641 4039 703 4092 Dal.
716 4051 742 4091 et
763 4057 836 4108 quum
855 4049 963 4109 tauquam
984 4044 1071 4111 cupitis
1085 4045 1156 4094 instu-

84 4142 155 4178 sme
169 4123 198 4176 iu
209 4122 344 4180 Βοιαιιίω.
358 4123 456 4174 amaro
466 4133 561 4192 gustu,
571 4133 598 4173 et
640 4129 743 4190 guntur,
753 4117 875 4170 mulonem
888 4138 991 4190 qaoque,
1006 4133 1057 4174 etc.
1070 4119 1122 4174 Eu.

166 4232 230 4300 VI.
974 4223 1022 4312 34
