2925 5009
278 488 350 562 630
554 494 593 561 C.
619 493 789 561 PLlNlI
814 492 918 560 NAT.
945 490 1070 557 HlST.

279 624 382 710 ritus,
403 634 438 690 et
454 646 492 691 us
505 622 685 692 admodum
706 626 830 719 paucis.
849 625 929 692 Duo
943 618 1085 717 genera'
1100 620 1182 713 ejus.
1196 616 1355 687 Nobilius

279 675 549 797 Athamanticum
566 742 703 816 vocent,
718 728 765 798 illi
780 744 948 823 tamquam
965 728 1008 796 ab
1020 726 1244 795 Athamante'
1234 748 1354 791 inven-

279 848 370 918 tum,
379 832 416 902 hi
432 835 588 971 quoniam
603 833 884 904 laudatissimum
875 858 909 903 ιιι
924 816 1138 902 Athamante³
1149 834 1353 960 repedatum

280 938 365 1008 foliis
379 940 472 1009 aniso
479 927 625 1023 ‘simile
634 956 668 1010 et
679 940 773 1010 caule
782 938 960 1034 aliquando
975 922 1174 1023 bicubitall,
1184 935 1354 1005 radicibus

279 1043 392 1113 multis
409 1058 443 1114 ct
464 1033 644 1140 obnigris⁶,
667 1046 865 1177 quibusdam
887 1044 1074 1115 altissimis:
1095 1044 1207 1112 minus
1222 1042 1351 1121 rutum

280 1173 379 1245 quam
387 1148 494 1220 7ἰΙΙιιά
507 1102 657 1221 alterunl.
677 1140 770 1223 Ciet⁸
790 1154 920 1221 urinam
937 1154 972 1220 in
988 1174 1075 1245 aqua
1086 1162 1223 1244 potum
1241 1146 1352 1215 radice

279 1258 358 1324 tnta
368 1254 421 1324 vel
430 1255 596 1326 decocta⁹
611 1256 815 1332 Inflationes¹
819 1256 1002 1327 stomachi
1012 1280 1095 1325 nure
1108 1254 1261 1322 discutit:
1273 1254 1349 1321 item

280 1362 444 1450 tormina,
466 1376 501 1431 et
522 1364 640 1433 vesicte
658 1362 787 1433 vitia'¹·
779 1358 1085 1457 ,vulvarumque¹²
1105 1356 1255 1429 articulis
1275 1382 1350 1428 cum

280 1463 400 1554 melle,
427 1456 641 1539 infantibus¹³
670 1493 746 1539 cum
772 1469 849 1564 apio
872 1468 1023 1538 illitum
1014 1492 1082 1536 nno
1105 1466 1215 1533 ventri
1241 1467 1351 1532 urinas

280 1586 404 1641 movet.

249 1702 260 1737 ι
333 1679 441 1749 XCV.
469 1680 683 1749 Feniculum¹
707 1676 926 1750 nobilitavere
948 1692 1120 1773 serpentes
1140 1690 1296 1771 gustatu,
1316 1690 1352 1743 ut

281 1781 423 1853 diximus
433 1782 457 1867 ²,
476 1800 644 1855 senectam
663 1784 831 1865 exuendo,
853 1782 1095 1879 oculorumque
1121 1783 1226 1851 aciem
1254 1806 1350 1851 succo

280 1994 365 2037 vestre
379 1976 461 2033 hodie
483 1993 609 2045 vocetur,
635 1979 709 2055 quod
731 1998 794 2035 ene·
839 1998 900 2035 men
913 1979 992 2033 MSS.
1005 1998 1099 2033 omnes
1114 1980 1180 2051 Reg.
1201 1980 1280 2035 Colh.
1303 1982 1350 2035 ch.

281 2062 359 2116 thum
373 2060 453 2131 plane
467 2056 588 2114 videatur
600 2062 698 2115 imitari
711 2061 795 2125 loliis,
840 2058 955 2130 bipedali.
968 2059 1058 2113 Ηιιιι).

281 2153 308 2195 et
324 2138 457 2202 umbella,
480 2151 508 2190 et
524 2141 599 2192 ceule
618 2158 626 2192 ι
646 2138 719 2192 unde
735 2138 795 2210 qui·
879 2143 908 2192 6.
927 2138 964 2191 Et
985 2138 1100 2208 obns‘grs's.
1128 2138 1160 2189 In
1186 2136 1265 2193 MSS.
1290 2140 1349 2211 fleg.

281 2218 343 2274 dum
357 2215 476 2269 herbarii
500 2230 650 2273 tortuosum
669 2218 796 2271 anethum
840 2216 917 2270 Colh.
930 2217 1163 2287 etc.obol's‚m‘grr's.
1173 2216 1256 2270 Forte
1272 2218 1349 2271 ollon-

280 2295 458 2371 uppelluvere.
470 2292 561 2350 llsnn.
838 2300 892 2365 gis,
905 2301 990 2367 nigris.
1004 2297 1124 2349 Dioscor.
1137 2298 1252 2365 μικραῖς.
1263 2298 1350 2351 Oriba-

326 2394 351 2431 t.
376 2376 435 2427 Duo
452 2393 542 2443 genera
562 2378 620 2446 ejus.
641 2372 797 2429 Macedoni·
839 2376 870 2429 sii
882 2376 1027 2447 interpres,
1040 2376 1127 2445 longis.
1139 2372 1234 2427 Ηιιιιι.

282 2474 344 2511 cum
368 2454 468 2507 scilicet
484 2466 512 2507 ct
529 2454 712 2525 Hispanicum.
732 2454 794 2507 Nou
881 2474 908 2525 7.
941 2456 1022 2523 (lum
1049 2452 1112 2505 itud
1133 2454 1245 2509 alterum.
1267 2456 1349 2521 Quem

282 2528 796 2608 quidemeaduodiversugenerusunt:
841 2534 1065 2587 Athamanticum.
1079 2532 1173 2587 Ηιιιι).

283 2626 406 2669 ceterum
437 2610 470 2664 iis
499 2612 528 2664 in
557 2612 624 2666 locis
649 2613 796 2685 plurimum
880 2616 909 2669 8·
926 2612 989 2667 Ciet.
1005 2613 1125 2667 Dioscor.
1138 2612 1156 2665 l.
1172 2631 1198 2666 c.
1212 2612 1307 2668 Galen.
1319 2612 1350 2666 de

282 2693 409 2767 gignitur.
422 2692 522 2743 Druso.
841 2690 901 2746 Fac.
914 2692 1003 2764 simpl.
1012 2690 1084 2745 med.
1097 2691 1170 2757 vn,
1185 2712 1214 2765 p.
1230 2692 1337 2764 sopll.

324 2772 351 2825 3.
364 2772 395 2824 In
404 2771 555 2823 Attanum
563 2776 706 2841 reperiatur.
718 2772 799 2823 Mon·
880 2790 908 2841 9.
919 2772 1013 2824 deioe
1025 2775 1086 2822 tritu
1097 2770 1141 2821 uel
1154 2772 1265 2825 decoctu
1281 2773 1350 2827 Citra

283 2864 309 2905 te
321 2846 482 2904 Phthiotidis
490 2849 647 2915 Thessaliae,
659 2869 740 2922 supra
749 2850 796 2903 lih.
840 2850 1001 2903 coctionem.
1017 2850 1140 2903 Dioscor.
1152 2852 1222 2905 Der..

282 2930 334 2995 IV,
346 2947 404 3001 cap.
419 2931 447 2983 8.
462 2929 530 2981 Dur..
883 2948 925 2982 ιο.
950 2930 1100 3001 Infletiones.
1128 2929 1279 2983 Dioscorid
1297 2931 1312 2984 l.
1327 2950 1348 2983 c.

323 3008 448 3073 4.An1'so.
458 3006 494 3060 Et
503 3008 550 3060 hic
561 3026 667 3061 rursum
679 3008 706 3060 io
719 3006 795 3061 MSS.
839 3006 956 3061 Galenus
969 3026 1076 3081 quoque
1088 3008 1106 3059 l.
1120 3028 1145 3061 c.
1162 3009 1211 3063 sed
1226 3010 1297 3063 hanc
1309 3030 1349 3063 ex·

283 3088 409 3141 omnibus
419 3086 483 3158 Reg.
502 3086 582 3140 Colb.
598 3100 648 3141 etc.
663 3100 693 3140 ut
705 3086 797 3159 proxi·
838 3088 986 3159 ceptionem
999 3088 1048 3141 iste
1061 3086 1167 3159 adjicit,
1189 3086 1266 3160 quod
1279 3090 1348 3142 simul

282 3184 328 3219 me
349 3178 412 3219 tote
424 3164 594 3235 monuimus,
606 3187 678 3218 aneso
691 3165 797 3237 legitur.
838 3178 919 3237 caput
928 3164 1021 3219 ludet:
1036 3166 1059 3219 si
1070 3178 1159 3220 tamen
1168 3167 1270 3239 largius
1279 3170 1347 3223 hilu-

283 3246 387 3299 Vernm
410 3242 580 3297 hauddubie
599 3246 687 3297 anetho
705 3246 796 3316 legen·
840 3256 893 3309 tur,
907 3245 995 3317 inquit
1009 3244 1164 3299 Dioscorid.
1179 3248 1275 3301 Hsnu.

282 3323 362 3391 dum,
381 3342 424 3377 res
445 3322 502 3395 ipsu
524 3335 552 3376 et
572 3323 722 3378 similitudo
744 3324 796 3377 mei
882 3343 927 3379 ιι.
943 3324 1038 3378 Vesica
1048 3328 1120 3378 vitiu
1134 3326 1237 3379 Furctae
1247 3345 1278 3381 sc
1288 3346 1349 3399 pre·

281 3403 424 3475 suethique
434 3402 561 3455 loliorum
571 3402 706 3457 admonet.
715 3400 796 3456 Adde
838 3404 926 3457 cluso.
938 3403 1029 3459 Diosc.
1045 3406 1147 3457 Dsssc.

282 3484 371 3537 Diosc.
383 3484 413 3548 1,
428 3480 444 3535 3
458 3496 466 3534 τ
479 3486 550 3538 tutos
564 3521 571 3534 .
584 3521 591 3534 .
606 3483 706 3553 ,ὅμοιον
714 3488 795 3551 καυλῷ
883 3502 926 3536 rs.
936 3483 1115 3555 Vulvnrurnpue
1125 3484 1246 3536 aniculis.
1257 3484 1350 3538 Subiu-

281 3562 324 3616 uui
344 3564 394 3622 τοῖς
407 3561 500 3631 φύλλοις
513 3562 602 3633 drudp-
618 3564 755 3633 παχὺτιρον
766 3556 796 3615 dl
838 3563 927 3633 tellige
941 3580 972 3615 ex
986 3563 1173 3635 sequentibus,
1188 3562 1288 3617 illitum
1301 3566 1348 3617 uri·

281 3645 323 3693 τιῦ
342 3640 438 3698 ἀνήθου.
460 3637 547 3694 Habet
570 3638 662 3694 eudem
688 3658 796 3713 quoque
839 3661 887 3695 nas
900 3653 997 3695 movet.
1014 3644 1104 3695 Ηιιιι).

281 3720 412 3791 interpres
437 3718 567 3785 Oribssii,
588 3720 638 3775 lib.
660 3720 716 3787 XI,
736 3738 795 3791 cup.
882 3721 927 3775 13.
949 3721 1095 3788 Infinitum.
1118 3718 1242 3775 Dioscor.
1265 3724 1294 3787 1,
1317 3724 1347 3783 3,

282 3804 345 3855 206.
359 3799 497 3852 ll.-Vet.
506 3818 550 3869 up.
565 3798 624 3854 Dal.
638 3800 732 3852 anetho.
742 3800 793 3852 En.
838 3800 931 3873 apium
948 3800 1124 3871 praetermisit.
1135 3800 1228 3853 Hero.

322 3879 350 3935 5.
360 3876 502 3931 Btcubiutt
517 3876 561 3932 Sic
576 3880 696 3933 Dioscor.
706 3880 736 3943 1,
751 3877 767 3930 3
787 3918 795 3944 ,
879 3880 963 3933 XCV.
981 3898 1005 3933 r.
1018 3878 1165 3933 Feniculum.
1179 3878 1244 3931 Hac
1255 3878 1344 3933 iisdem

281 3958 377 4027 Δὶπηχὺ
390 3976 439 4010 nou
460 3954 603 4012 dsuGuisss·
620 3958 666 4013 Sic
678 3958 794 4012 Oribasii
839 3958 928 4013 verbis
941 3958 1010 4011 Plin.
1023 3957 1083 4011 vat.
1100 3958 1157 4022 IV,
1177 3964 1224 4021 ul.
1241 3956 1329 4011 lisso.

233 4044 238 4053 '
280 4037 793 4109 interpres,l.Xl,c.206.Sicrerum
879 4058 904 4091 s.
924 4038 958 4091 Ut
978 4038 1089 4089 elisimus.
1111 4038 1171 4091 Lib.
1197 4038 1281 4103 vus,
1304 4046 1344 4101 ⁴¹·

280 4117 338 4186 ipsu
349 4129 442 4170 nature
458 4116 593 4187 postulare
611 4116 725 4170 videtur.
746 4116 799 4169 Ts-
844 4116 931 4171 Habet
944 4130 970 4170 et
979 4114 1050 4170 istud
1061 4116 1150 4169 Diosc.
1164 4116 1225 4182 Ill,
1247 4120 1280 4171 81
1290 4162 1294 4169 .
1303 4117 1335 4169 ll.
