2925 5009
494 454 655 523 LIBER
680 456 760 523 XX.
1088 454 1151 553 591

82 602 274 657 sumuntur.
287 586 508 682 Praecipuum⁹
521 601 631 657 autem
649 601 701 657 cst
715 588 758 655 ad
775 584 930 658 ructus¹⁰t
943 586 1048 658 ideo''
1065 592 1154 661 infla·

82 695 232 764 tionibus
254 693 434 777 stomachi,
454 708 488 762 et
511 694 742 763 intestinorum
761 693 978 779 torminibus,
999 694 1066 765 et¹²
1090 724 1155 767 coe-

84 801 177 869 Iiacis
203 800 364 869 medetur.
386 798 557 894 Singultus
579 813 613 869 et
632 798 791 869 olfactum
811 800 1002 888 decoctum,
1019 818 1155 897 potum-

81 932 169 1001 que,
192 905 330 975 inhibet
351 904 450 975 Foliis
461 892 483 931 ¹³
508 905 655 976 decoctis
674 906 797 1001 digerit
817 904 1006 977 cruditates.
1031 912 1157 981 Succus

81 1013 216 1083 decom
236 1036 316 1081 cum
338 1014 415 1106 apio
437 1010 580 1082 olfactus
605 1026 830 1082 sternumenta
850 1012 978 1082 inhibet
988 1000 1021 1083 ¹⁴.
1036 1018 1156 1087 Potum

125 1251 155 1301 9.
172 1233 335 1303 Principum.
350 1229 393 1285 nd
413 1242 523 1284 rustum
545 1249 602 1284 sno·
644 1232 728 1301 plano
738 1231 906 1293 testimonio,
922 1232 1037 1303 vestigiis
1048 1235 1157 1305 quibus·

80 1310 145 1365 diee
158 1311 293 1365 ciendum.
303 1310 376 1365 Vide
386 1328 446 1381 que
458 1308 493 1363 de
502 1310 601 1363 anetho
644 1309 724 1377 dsm,
741 1312 877 1364 veritstem
896 1324 941 1364 sut
960 1314 1018 1385 ejus
1030 1332 1156 1369 revocan-

82 1390 202 1445 dicends
222 1404 282 1443 sunt
303 1409 363 1462 esp.
375 1398 428 1460 74,
451 1389 539 1442 statim
549 1390 601 1442 ini·
645 1387 686 1443 dn
701 1390 841 1463 propiores
853 1390 924 1453 vius,
937 1390 1156 1448 demonstrarent.

81 1472 134 1525 tio.
147 1472 241 1523 flsnn.
410 1508 418 1517 .
645 1468 697 1523 IIic
715 1469 799 1539 igitur
819 1480 846 1521 ct
859 1470 936 1523 Voss.
960 1470 1157 1539 Academicus,

128 1570 176 1605 so.
200 1550 247 1603 Ad
262 1562 352 1603 nctus.
371 1548 439 1613 Qne
452 1560 602 1619 sequantur
643 1560 813 1601 stemmata.
827 1548 923 1619 Neque
943 1550 987 1603 hie
1001 1549 1096 1619 modo,
1110 1552 1156 1607 scd

82 1631 181 1683 omnia
193 1646 226 1681 es
236 1629 316 1681 variis
330 1628 484 1681 auctoribus
499 1627 602 1680 Plinius
644 1627 725 1680 etism
744 1628 790 1681 lib.
810 1628 889 1689 XXI,
913 1646 972 1700 usp.
991 1629 1044 1683 13:
1062 1654 1073 1675 a
1088 1632 1157 1685 odos·

80 1721 243 1769 concensu,
262 1706 357 1761 iisdem
369 1706 540 1760 fscnitstihus
552 1724 601 1759 sss-
643 1707 746 1759 alienus
763 1719 945 1760 sternumenta
962 1710 1084 1779 protinus
1099 1728 1158 1763 nso-

82 1788 243 1859 piusetissn
256 1787 387 1857 repetitis.
410 1786 514 1839 Horum
532 1786 601 1839 nihil
643 1805 724 1853 vens,
740 1812 753 1833 ιο
766 1799 862 1857 etesp.
881 1806 926 1851 ss,
947 1792 1158 1845 umovetetsri·

81 1864 159 1938 apud
175 1866 264 1920 Diuus.
276 1868 345 1919 Dsr..
644 1863 709 1918 dum
719 1876 908 1918 sternumenta.
919 1866 994 1919 aLih.
1004 1868 1112 1934 xxm,
1128 1888 1154 1933 t,

130 1963 177 1999 ιι.
191 1946 259 1998 Ideo.
276 1947 366 1999 Diosc.
385 1944 404 1996 Ι.
418 1962 444 1997 c.
460 1956 489 1997 et
504 1944 600 1998 Galen.
647 1971 659 1992 ι
673 1946 804 2016 singultus
829 1944 951 2009 cohibet,
976 1958 1157 2004 sternuments

81 2025 120 2082 de
134 2024 198 2077 Fac.
209 2024 298 2095 simpl.
309 2022 380 2077 med.
390 2041 449 2095 cap.
466 2027 518 2086 48,
539 2042 600 2095 psg.
644 2024 753 2077 olfactu.
771 2048 782 2069 ι
801 2023 863 2077 Lib.
879 2024 983 2089 XXIV,
995 2044 1023 2095 7,
1041 2054 1052 2075 ι
1069 2024 1158 2082 destil-

87 2102 260 2175 157,r1nn.
643 2103 788 2155 lstionibus
803 2114 830 2155 et
841 2106 1030 2157 sternumentis
1045 2124 1060 2159 e
1074 2108 1155 2179 pimi-

130 2202 178 2237 ιι.
190 2183 235 2235 Et.
246 2183 347 2235 arvum
358 2183 429 2237 enirn
440 2180 532 2236 sistere
539 2182 604 2235 seri·
644 2196 679 2235 ts.
697 2208 708 2229 ι
721 2180 803 2235 Acsd.
817 2194 930 2235 noster:
948 2208 959 2231 ι
975 2196 1157 2242 sternumenta

81 2264 126 2317 bit
137 2264 232 2317 Diose.
245 2262 264 2314 I.
277 2261 402 2317 aliun.
644 2261 760 2333 pituitas.
773 2287 784 2309 ι
799 2261 875 2315 Pisto
887 2262 1156 2339 inTimuoeostppn

129 2342 177 2396 13.
200 2342 289 2397 Fotis.
313 2341 353 2393 Its
380 2342 437 2395 fere
458 2340 553 2395 Galen.
575 2354 603 2396 et
644 2340 736 2404 ὂῦικιὶ
747 2342 931 2413 όλμυρὺνπηγὴ
939 2344 1158 2417 ndsrussucnpd·

81 2422 179 2476 Diose.
191 2422 221 2473 Il.
234 2439 274 2474 cc.
287 2438 371 2492 quum
380 2421 455 2475 sniso
464 2422 519 2473 sius
531 2421 602 2491 pari·
643 2439 703 2483 sss,
716 2420 765 2473 dos
787 2422 898 2491 γίγνεται
915 2422 1075 2494 καταρροῑκά.
1096 2427 1155 2479 Lib.

81 2515 129 2555 ter
148 2498 290 2573 differendi
307 2501 473 2561 attribuunt,
494 2497 600 2571 δύναμιν
644 2499 734 2561 XXV,
750 2499 790 2555 is
818 2526 830 2549 ι
847 2500 942 2554 Farina
957 2518 1050 2556 eorum
1066 2522 1115 2575 per
1127 2524 1156 2559 se

62 2641 68 2649 .
82 2579 275 2651 despopsstsds.
289 2581 384 2633 uass.
644 2590 671 2631 et
684 2578 762 2631 mista
772 2576 914 2640 radicato,
933 2598 986 2651 qun
1001 2582 1074 2635 Isnss
1087 2584 1157 2638 disi-

131 2667 178 2724 ¹4·
202 2660 317 2725 Olfisetss
338 2670 525 2711 sternutamenta
547 2649 603 2725 (sic
644 2676 705 2710 nans
723 2657 821 2722 levari,
833 2670 1044 2713 sternumentum
1059 2662 1130 2717 fucit.
1141 2688 1153 2710 ·

82 2731 175 2809 otim)
201 2739 299 2793 inhibet.
331 2739 490 2810 Quanusm
515 2737 603 2791 omnis
644 2734 767 2801 Ibidem,
781 2762 793 2784 ι
816 2734 889 2808 quod
908 2737 1047 2792 celerrime
1067 2757 1157 2797 movet

80 2822 168 2891 hujus
184 2820 265 2889 empti
282 2816 380 2871 fiducie
399 2816 601 2871 secuudumsts
644 2816 1158 2888 sternumentuzet,singuitusiuflnitos

81 2896 192 2969 deripe
212 2900 275 2951 Ides
302 2898 381 2951 nohis
403 2898 438 2950 sit
458 2897 603 2969 archetype
644 2907 691 2947 sut
702 2908 893 2949 sternumenta.
910 2920 922 2943 ι
948 2896 999 2950 Hie
1016 2897 1157 2970 adponant

81 2981 220 3032 Vossisus
237 2995 246 3031 ε
264 2996 321 3030 nou
340 2977 489 3049 sprevimus
512 2988 603 3031 tumen
645 2985 699 3027 ete
712 2972 898 3044 chiffletiano,
912 2992 971 3047 esp.
990 2996 1039 3031 rr:
1056 3004 1067 3026 ι
1078 2979 1158 3035 Fitet

83 3056 230 3121 sdhihere,
248 3075 314 3128 quus
332 3056 486 3128 potuimus,
512 3067 540 3108 et
559 3072 603 3108 se·
645 3054 1155 3130 exesdiuiehesternuruentumpcsp,

83 3136 174 3192 cundi
186 3136 240 3189 loci
251 3136 430 3201 membranas,
443 3135 516 3188 velut
531 3135 602 3187 Vos·
648 3134 704 3188 13:
720 3159 732 3181 ι
740 3131 837 3186 Eadem
854 3133 921 3186 siocs
934 3136 1038 3193 concisa
1051 3150 1156 3191 sternu-

84 3219 175 3271 sisnss
187 3215 264 3269 binas
277 3206 478 3285 (distinguendi
491 3232 556 3285 ergo
567 3213 602 3265 sb
645 3226 765 3265 mentum
778 3225 824 3265 est.
834 3238 845 3260 ι
855 3212 908 3265 uie
915 3224 943 3266 et
953 3232 969 3266 e
978 3216 1067 3271 chiffl.
1076 3236 1157 3271 anno·

84 3294 294 3367 dominis,qu0s
303 3295 417 3348 anteisse
424 3294 493 3347 alter
500 3292 602 3358 influe,
646 3292 859 3357 sans,xxvt1,
879 3292 931 3359 13,
950 3316 961 3341 ι
978 3307 1158 3351 sternumenta

84 3378 158 3432 alter
186 3375 216 3427 iu
238 3373 373 3447 principio
396 3373 521 3427 hahuisse
539 3390 602 3426 sess
645 3388 752 3442 quoque
762 3381 869 3441 gustatu
882 3386 984 3439 mosen
998 3399 1011 3420 ·
1024 3374 1158 3442 XXVIII,

84 3453 601 3525 testantur,dndegsrenseset1dens·
646 3456 677 3513 6,
707 3475 719 3498 ι
732 3462 912 3504 sternumenta
932 3452 1014 3523 pinus
1036 3454 1158 3526 grsv'edi·

85 3536 148 3608 pias
159 3522 365 3605 appellavimus)
375 3571 382 3598 ‚
392 3544 497 3604 quartas
508 3529 602 3585 sesde·
644 3547 707 3583 nem
722 3528 899 3582 emendant.»
916 3530 976 3585 Lib.
987 3532 1109 3599 xxxu,
1124 3536 1156 3601 3,

84 3614 270 3685 miqquintss
281 3612 453 3668 eruditissimi
462 3611 603 3681 lsrqnar·
649 3633 661 3657 ι
677 3621 858 3662 sternumenta
882 3608 980 3663 olfactu
1004 3626 1122 3670 movent.
1142 3640 1154 3662 s

86 3694 119 3747 di
129 3691 215 3748 Gudii
223 3694 309 3747 nostri
323 3712 331 3746 ι
352 3710 407 3746 non
423 3690 602 3763 illasquidesn
646 3688 689 3743 Sic
702 3689 828 3741 omuibus
848 3687 890 3741 his
908 3688 973 3742 loeis
992 3692 1155 3747 Vossianus:

87 3774 175 3828 atatis
196 3771 313 3845 ejusdem
335 3786 362 3827 et
383 3770 469 3835 fidei,
493 3770 602 3823 interius
645 3784 848 3840 nonnumquam
860 3780 887 3819 et
896 3768 952 3822 slii.
969 3768 1046 3823 Idem
1064 3772 1092 3825 in
1105 3774 1158 3827 suis

87 3853 182 3917 utilem
198 3852 302 3923 qnippe
316 3870 377 3923 quss
390 3868 478 3922 neque
489 3862 604 3921 repente
646 3848 797 3901 observasse
817 3847 858 3901 Ch
877 3848 1033 3903 Sslmasium
1048 3866 1157 3923 apparet

87 3953 105 3985 a
119 3932 293 3985 vetustissima
310 3932 442 4003 scriptun
455 3930 543 3994 omni,
556 3927 602 3982 sed
645 3945 677 3979 es
691 3925 757 3987 iliis,
780 3944 841 3997 qim
861 3926 955 3981 scribit
968 3927 1002 3982 ad
1019 3932 1156 3997 SoIinum,

87 4009 254 4082 pedetentim
266 4024 294 4065 et
307 4030 356 4083 per
370 4008 469 4083 gradus
485 4026 603 4080 eumque
646 4024 707 4077 μς.
721 4025 767 4074 s9.
780 4006 918 4060 Gaou.-
930 4006 1106 4063 Sternumenta.
1119 4014 1157 4065 lts

87 4092 182 4163 aliquo
190 4090 295 4163 pudore
306 4093 467 4156 shsoemsn,
481 4101 508 4142 et
516 4088 539 4142 si
547 4106 602 4141 non
646 4086 723 4139 MSS.
737 4085 791 4139 fere
805 4086 905 4159 ubique
919 4109 927 4141 ε
944 4089 1157 4161 infrequentius,
