2925 5009
318 441 383 514 168
583 447 623 515 C.
650 443 816 516 PLINIl
841 443 951 512 NAT.
977 443 1106 512 lusu.

312 591 435 647 cuntur
451 576 583 664 omnia,
596 601 637 646 ex
652 577 773 672 quibus
789 573 932 671 populus
951 573 1077 645 reditus
1095 571 1215 658 habet,
1229 574 1307 667 quia
1320 574 1383 644 diu

311 679 378 752 hoc
401 681 508 756 solum
536 683 679 778 vectigal
703 683 823 752 fuerat.
851 678 1041 750 Multatio¹’
1061 705 1194 775 quoque
1220 705 1289 749 non
1317 683 1382 750 nisi

311 791 424 858 ovium
441 789 610 884 boumque
625 789 795 884 impendio
808 787 1003 858 dicebatur:
1022 811 1091 856 non
1108 786 1294 856 omittenda
1307 789 1381 881 pri-

310 919 443 965 scarum
466 893 577 990 legum
595 895 837 981 benevolentia.
853 897 999 965 Cautum
1021 895 1145 988 quippe
1162 907 1233 976 cst,
1255 918 1299 962 ne
1317 893 1381 962 bo-

309 1025 406 1088 vem,
425 1003 617 1096 priusquam
630 1027 727 1072 ovem
737 1056 747 1088 ,
759 1002 963 1088 nominaret,
978 1001 1038 1094 qui
1054 999 1218 1068 indiceret
1228 999 1380 1068 multam.

276 1113 292 1172 t
311 1106 426 1178 Ludos
449 1108 551 1178 boum
568 1131 668 1178 causo
691 1108 918 1192 celebrantes,
937 1106 1095 1175 Bubetios
1108 1105 1285 1176 vocabant
1304 1109 1382 1175 Ser·

308 1215 382 1283 vius
401 1239 482 1300 rex,
512 1217 624 1284 ovium
652 1215 823 1309 boumque
841 1213 953 1308 effigie
974 1212 1102 1307 primus
1124 1197 1204 1280 aes¹³
1226 1213 1379 1306 signavit.

307 1321 452 1414 Frugem
472 1320 604 1416 quidem
627 1336 740 1390 aratro
761 1321 934 1414 quaesitsm
963 1317 1080 1388 furtim
1105 1332 1208 1388 noctu
1233 1321 1380 1413 pavisse,

307 1429 521 1516 asseruisse,
539 1427 658 1523 puberi
673 1451 725 1496 xri
739 1425 859 1496 tubulis
869 1412 894 1458 ¹⁴
906 1423 1049 1520 capitale
1062 1439 1156 1494 erat:
1171 1449 1381 1519 suspensum

351 1655 394 1690 ιι.
412 1637 531 1696 Multotio
546 1657 653 1711 ῳιικμιι,ι
670 1636 820 1693 etmbluxi·
861 1635 1043 1697 centnseibus,
1065 1635 1124 1690 ovis
1137 1633 1325 1690 decuesibus.-
1346 1637 1381 1690 Et

306 1733 349 1768 ms
368 1717 450 1770 multe
469 1736 527 1772 non
544 1717 605 1788 plus
626 1736 678 1771 xxx
691 1718 779 1771 bobus
792 1729 820 1771 et
862 1717 946 1769 verbo
958 1713 1380 1769 celime-ovibusdnnbusmnl·

306 1793 409 1848 duabus
421 1795 518 1850 ovibus
537 1796 587 1850 tuit
599 1815 606 1850 ι
618 1796 748 1863 minime,
768 1815 819 1850 ore
863 1796 989 1849 tubantur
1002 1793 1076 1866 opud
1088 1795 1211 1868 antiquos
1223 1797 1252 1848 in
1268 1797 1379 1850 minori·

306 1893 368 1928 una.
377 1875 432 1928 Bos
443 1888 550 1930 centum
561 1876 660 1930 assibus
670 1877 817 1930 oestimnba·
862 1875 913 1928 bus
926 1875 1096 1938 criminibus,
1111 1888 1163 1928 etc.
1176 1901 1188 1924 ι
1209 1873 1380 1930 Judiciornnr

305 1967 370 2006 tur:
388 1955 447 2008 ovis
469 1953 573 2014 decem.
598 1957 710 2010 Romani
728 1975 821 2026 reges,
862 1954 1379 2028 multnsinvnceisexsolvisolitasepnd

305 2033 446 2091 homicidii
466 2035 602 2088 convictos
622 2035 703 2091 ariete
722 2035 820 2089 mults·
862 2033 971 2097 Scotos,
990 2035 1106 2107 eliasque
1128 2034 1266 2098 nationes,
1289 2036 1379 2090 multis

305 2114 386 2180 bont,
404 2113 450 2186 qui
465 2113 641 2186 supplicando
656 2113 708 2166 diis
720 2115 818 2168 immo·
862 2115 1021 2184 comprobet
1044 2113 1203 2166 testimoniis
1217 2115 1269 2169 Vir
1282 2117 1377 2171 Cirris.

305 2193 418 2259 leretur,
433 2191 506 2248 unde
518 2192 590 2248 dicte
603 2195 729 2264 supplicia.
745 2194 819 2250 Alex.
862 2193 1040 2265 Dn-Csngius
1066 2193 1093 2245 in
1115 2192 1270 2262 Glossario,
1295 2199 1378 2250 verbo

306 2271 340 2326 ub
353 2273 429 2326 Alex.
444 2293 504 2346 cup.
517 2293 580 2327 nur.
600 2272 670 2326 Vide
682 2272 758 2346 quod
772 2292 821 2327 no·
864 2274 963 2331 Vacca.
978 2273 1070 2332 llsnu.

306 2365 391 2406 tatum
411 2365 450 2406 est
469 2353 538 2407 inira
558 2354 587 2406 in
610 2352 657 2406 lib.
679 2353 819 2424 xxxtlt,
906 2355 951 2407 13.
980 2353 1077 2405 Primus
1100 2373 1134 2403 oes
1158 2356 1272 2424 signavit.
1302 2355 1377 2409 More

306 2435 365 2505 c'sp.
384 2451 410 2488 1.
432 2431 503 2485 vide
519 2447 545 2488 et
557 2431 704 2498 Budreum,
721 2451 783 2503 cap.
801 2453 819 2486 r
862 2431 1035 2498 Grecorum,
1046 2433 1218 2504 tcproecipne
1230 2435 1377 2488 Athenien·

306 2511 340 2564 de
353 2509 428 2567 Asse.
442 2513 542 2568 Dione.
553 2547 592 2556 -
606 2513 730 2566 Multatio.
745 2513 818 2574 Gell,
862 2510 948 2578 sium,
960 2511 1008 2584 qui
1020 2512 1160 2583 pecuniam
1172 2532 1247 2567 suam
1258 2515 1331 2568 bore
1343 2515 1376 2568 si·

304 2591 352 2644 lib.
373 2593 432 2658 XI,
445 2609 504 2664 enp.
523 2593 679 2648 ttclllulta
692 2611 753 2664 quse
768 2612 819 2665 np-
862 2592 987 2662 gonbnnt.
1003 2591 1085 2644 Unde
1099 2589 1172 2663 apud
1188 2611 1234 2645 eos
1252 2607 1316 2647 nntn
1331 2613 1376 2666 pn·

305 2671 574 2743 pellatursuprema,
591 2673 694 2746 inquit,
712 2673 819 2726 institu-
861 2670 968 2736 roemia,
988 2671 1078 2723 Bovem
1100 2671 1173 2724 habet
1193 2677 1219 2724 in
1233 2675 1334 2744 lingna,
1349 2675 1375 2728 in

306 2763 380 2805 tuest
395 2751 423 2805 in
436 2751 552 2822 singulos
573 2751 689 2808 duarum
710 2752 819 2819 ovium,
862 2768 907 2803 eos
918 2751 971 2822 jaci
988 2751 1080 2814 solite,
1103 2751 1150 2822 qui
1166 2767 1275 2823 eccepto
1291 2755 1375 2825 pretio

304 2819 389 2886 boun'n
410 2831 517 2902 triginta
532 2851 539 2883 ε
556 2851 606 2903 pro
624 2833 700 2903 copie
719 2831 819 2885 seilicet
860 2827 944 2884 libere
956 2829 985 2882 id
998 2829 1144 2902 quodrcre
1155 2833 1375 2897 sentiunuettart

304 2911 406 2976 boum,
425 2929 529 2982 proque
552 2911 643 2966 ovium
663 2911 816 2982 penuria...
860 2928 915 2962 uon
928 2908 1036 2963 nudent.
1050 2910 1210 2980 Hesychius,
1224 2931 1285 2984 pig.
1305 2931 1375 2982 197:

305 2989 398 3044 Postea
412 2989 469 3061 lege
485 2989 591 3044 Haterio
607 2991 742 3046 constituti
755 3002 818 3044 sunt
859 2995 919 3050 Βοῦς
934 2989 975 3043 tet
993 2988 1104 3059 γλῦσσῃ.
1123 2991 1249 3061 Παροιμὶα
1265 2991 1308 3045 ἐπὶ
1327 3001 1373 3045 τῶν

305 3071 334 3122 in
346 3089 409 3126 oves
423 3069 540 3142 singulos
555 3071 613 3124 nris
630 3069 709 3136 deni,
728 3069 756 3123 in
770 3071 818 3124 bo·
859 3069 895 3140 μὴ
908 3065 971 3121 slusa
993 3071 1050 3121 isos
1064 3070 1284 3141 παρῥησιίζεσθαι.
1296 3111 1320 3125 ..
1332 3069 1373 3124 διὰ

305 3167 351 3204 ves
362 3150 421 3207 eris
431 3149 545 3208 centeni.
560 3151 673 3204 Minima
684 3151 766 3210 mults
777 3162 817 3204 est
859 3150 950 3202 τὸτῶν
985 3150 1087 3204 θηναίων
1108 3151 1221 3222 νόμισμα
1234 3153 1299 3221 tque
1319 3154 1373 3217 βοῦν

305 3231 363 3283 ovis
385 3229 476 3295 unius,
491 3243 542 3285 etc.
553 3257 565 3279 ι
592 3230 701 3283 Festus:
715 3255 726 3276 ι
742 3229 816 3284 unt.
859 3229 1086 3305 ἐγκιχαραγμίνον,
1096 3241 1148 3282 etc.
1159 3222 1241 3304 Quod
1247 3244 1282 3301 *et
1295 3231 1375 3285 Scho-

304 3323 357 3364 tam
371 3327 431 3365 osce
443 3309 496 3364 dici
510 3322 602 3382 putent
611 3328 715 3381 poenam
725 3328 817 3383 quom·
858 3307 946 3362 liustes
957 3309 1143 3379 Aristophanis
1155 3312 1301 3364 testeturin
1312 3311 1372 3364 svi-

304 3387 376 3444 dem.
386 3389 425 3447 M.
434 3391 520 3450 Varro
531 3390 567 3443 nit
577 3406 681 3461 punam
696 3407 760 3453 esse,
768 3387 816 3443 sed
858 3387 927 3453 bus,
942 3401 969 3441 et
981 3389 1103 3442 Eustoth.
1113 3389 1142 3441 in
1153 3387 1232 3443 Iliad.
1248 3399 1288 3456 Δ,
1307 3409 1372 3444 vers

304 3469 498 3539 pecuniariam,
513 3467 547 3523 de
567 3487 619 3546 qua
640 3467 773 3522 subtiliter
786 3469 816 3522 in
861 3472 927 3536 449.
941 3467 1014 3520 Vide
1033 3486 1092 3540 qun
1111 3467 1223 3523 dicenda
1242 3483 1307 3524 sunt
1327 3471 1371 3524 lib

303 3549 373 3606 libro
386 3549 476 3620 primo
487 3549 661 3620 questionum
671 3547 817 3620 epistolica·
858 3547 996 3612 XXXIII,
1009 3565 1068 3619 cap.
1087 3567 1132 3617 19.
1144 3549 1238 3602 Hnnn.

302 3647 365 3683 rum
386 3629 475 3685 refert.
492 3627 634 3682 Maximam
649 3627 759 3680 mulum
773 3626 816 3680 di·
902 3633 948 3696 ¹4·
963 3627 1126 3680 Xlltabulis.
1140 3627 1181 3681 Ex
1194 3629 1287 3683 tabula
1299 3631 1369 3692 vn,

302 3721 398 3764 xerunt
422 3708 503 3765 trium
533 3707 646 3766 millium
673 3719 699 3760 et
722 3706 816 3780 viginti
858 3723 917 3778 etp.
932 3726 963 3773 ι,
978 3708 1144 3782 repetitolex
1156 3709 1370 3775 est,«Quil'rn·

300 3783 539 3850 ossiumlmonetu
551 3786 814 3858 gallicaelibrsesnnt
856 3803 916 3856 gem
941 3800 1027 3841 trutro
1043 3788 1179 3860 quesitam
1201 3789 1295 3842 furtim
1318 3809 1369 3842 nox

305 3887 359 3922 ino
376 3887 437 3921 cum
458 3868 560 3920 assibus
583 3863 715 3930 sedecim)
728 3883 736 3918 :
749 3866 813 3938 quit
857 3867 941 3936 pavit,
961 3867 1111 3938 secuitque,
1124 3887 1265 3938 suspensus
1281 3869 1368 3922 Cereri

300 3967 355 4000 tion
368 3947 464 4002 licebat
476 3945 612 4019 quondam
625 3946 748 4018 pluribus
762 3947 811 4000 tri·
857 3959 983 4000 necator:
995 3947 1118 4018 impubes
1133 3947 1254 4016 pectoris
1263 3949 1369 4002 arbitra·

298 4027 371 4096 ginta
380 4027 466 4079 bobus
473 4025 711 4080 etduobusovibus
720 4045 813 4098 quem·
856 4037 886 4079 tu
897 4027 1061 4090 verberator,
1072 4028 1233 4099 noxiamque
1242 4027 1368 4098 duplione

299 4125 378 4176 quem
392 4107 497 4166 inultnri
507 4125 513 4159 z
522 4105 812 4178 estimabaturquobos
855 4104 1028 4161 decernitu-
1046 4107 1104 4161 Hoc
1116 4121 1170 4172 est,
1183 4120 1215 4160 ut
1227 4107 1367 4163 Gotholro·
