2925 5009
310 452 359 522 80
577 450 617 518 C.
646 449 818 518 PLlNlI
846 449 953 516 Nat.
982 449 1112 518 HIST.

308 585 387 654 dare
410 583 520 653 radici.
542 581 754 670 ,Circumsodi
776 595 887 651 autem
907 583 1062 650 omnibus
1079 583 1174 650 annis
1195 605 1215 650 a
1239 579 1394 652 solstitio

307 691 411 760 duum
424 689 612 760 cubitorum
628 689 747 758 scrobe
758 686 866 782 pedali
884 686 1076 757 altitudine:
1088 690 1267 756 stercorari
1279 690 1304 716 ²¹
1318 705 1394 757 ter·

308 799 355 866 tio
375 821 474 864 anno.

274 913 288 970 t
360 904 463 996 Mago
475 901 562 971 idem
572 887 596 926 ²³
615 897 806 995 amygdalas
816 899 861 968 ab
875 923 997 969 occasu
1014 900 1149 970 Arcturi
1161 898 1206 968 ad
1222 899 1392 970 brumam

309 1008 373 1076 seri
391 1007 494 1100 jubet.
508 1007 584 1076 Pira
602 1031 671 1076 non
685 1005 802 1075 eodem
816 1019 969 1100 tempore
983 1008 1115 1093 omnia,
1136 1007 1299 1101 quoniam
1316 1031 1391 1075 nort

309 1137 402 1207 reque
424 1113 575 1183 floreant.
602 1109 917 1206 Eademoblonga,
939 1125 999 1180 aut
1026 1111 1170 1181 rotunda
1190 1111 1235 1180 ab
1259 1136 1393 1182 occasu

309 1219 531 1314 Vergiliarum
541 1205 566 1248 ²⁴
587 1217 629 1286 ad
651 1218 818 1286 brumam.
840 1215 981 1311 Reliqua
997 1241 1121 1312 genera
1141 1218 1392 1288 mediabieme

309 1325 351 1395 ab
374 1349 495 1396 occasu
516 1326 670 1419 Sagittae,
694 1323 930 1408 subsolanum,
952 1338 1013 1393 aut
1031 1325 1288 1419 septemtriones
1315 1349 1392 1419 spe

309 1433 443 1502 stantia.
466 1434 615 1500 hunum
639 1428 681 1498 ab
700 1454 823 1500 occasu
840 1426 966 1523 Aquilae
984 1430 1030 1498 ad
1052 1454 1210 1500 occasum
1234 1431 1389 1524 Sagittae.

310 1539 469 1608 Connexa
487 1537 576 1606 enirn
598 1535 640 1606 de
657 1549 809 1632 tempore
822 1535 952 1606 serendi
962 1559 1056 1630 mque
1069 1538 1155 1606 ratio
1166 1551 1227 1605 est.
1245 1537 1344 1604 Vere
1355 1551 1391 1606 et

309 1659 471 1713 autumno
491 1643 525 1711 id
548 1665 669 1738 magna
688 1667 729 1712 es
754 1655 849 1738 parte
869 1639 943 1710 fieri
965 1640 1153 1712 decrevere.
1180 1645 1243 1710 Est
1265 1657 1302 1711 et
1320 1642 1391 1710 alia

309 1749 395 1820 bora
421 1751 509 1818 circa
527 1750 627 1819 Canis
647 1763 757 1838 ortus,
781 1747 992 1844 paucioribus
1010 1763 1109 1830 nota,
1131 1749 1291 1843 quoniam
1313 1775 1390 1818 non

249 1847 259 1862 '
281 1855 465 1948 gorunibus
493 1853 574 1924 locis
600 1856 724 1949 pariter
746 1849 836 1924 utilis
861 1852 1071 1948 intelligitur3
1092 1853 1152 1924 sed
1169 1853 1261 1923 baud
1282 1856 1389 1938 omit-

311 1961 410 2030 tenda
426 1960 540 2048 nobis,
553 1985 621 2028 non
636 1974 763 2030 tractus
780 1959 918 2053 alicujus
928 1963 1091 2030 rationem
1102 2014 1113 2046 ‚
1123 1985 1240 2030 verum
1252 1975 1388 2030 naturae

277 2075 292 2128 ⁵
312 2053 442 2137 totius²⁵
463 2065 708 2161 indagantibus.
739 2068 781 2134 ln
801 2067 985 2161 Cyrenaica
1004 2067 1140 2161 regione
1163 2067 1227 2136 sub
1247 2069 1387 2138 Etesia-

311 2197 387 2242 rum
398 2158 422 2198 ²⁶
451 2173 531 2242 flatu
558 2187 770 2241 conserunt:
799 2196 862 2242 nec
886 2195 955 2240 non
977 2174 1068 2240 etin
1092 2174 1244 2242 Graecia:
1271 2172 1386 2243 oleam

205 2311 209 2320 ·
311 2281 453 2348 maxime
467 2280 502 2348 in
516 2279 670 2348 Laconia.
682 2279 750 2347 Cos
767 2276 873 2347 insula
886 2291 920 2346 et
934 2279 1017 2347 vites
1033 2292 1114 2347 tunc
1130 2277 1256 2348 serit²⁷t
1268 2283 1386 2350 caeteri

309 2385 399 2480 apud
420 2387 578 2468 Graecos,
606 2381 775 2454 inoculare
797 2399 831 2454 et
852 2385 997 2453 inserere
1021 2409 1090 2454 non
1117 2383 1294 2472 dubitant3
1322 2386 1386 2456 sed

310 2491 446 2561 arbores
468 2515 536 2560 non
557 2505 687 2559 serunt:
706 2489 954 2584 plurimumque
976 2491 1010 2557 iu
1027 2515 1069 2559 eo
1088 2488 1239 2560 locorum
1259 2507 1387 2561 natura

309 2596 429 2692 pollet:
443 2585 586 2692 narisque
599 2597 634 2666 in
644 2597 788 2690 AEgypto
797 2597 888 2665 omni
906 2610 1021 2665 serunt
1034 2621 1164 2677 mense,
1179 2611 1213 2666 et
1230 2597 1386 2669 ubicum-

311 2809 411 2862 ponere
423 2807 561 2856 muscum,
574 2787 675 2842 nerole
688 2786 821 2854 findatur,
866 2783 1050 2842 undecimum.
1079 2788 1176 2861 Sagitta
1203 2807 1268 2843 rero
1292 2791 1387 2847 oritur

309 2883 382 2924 etc.»
399 2869 492 2922 Hirro.
865 2880 960 2921 octavo
972 2865 1080 2922 kalend.
1094 2869 1182 2922 martii
1190 2868 1234 2938 ‚id
1246 2882 1299 2932 est,
1312 2871 1387 2926 tim

351 2968 398 3004 aa.
412 2943 703 3001 Susamitcolumen.
714 2947 766 3001 loo.
776 2947 822 3002 cit.
866 2947 1025 3018 vigesimum
1047 2947 1191 3012 februarii,
1208 2967 1262 3020 qua
1277 2951 1386 3005 ratione

313 3028 425 3082 «Tertio
439 3043 548 3100 quoque
559 3043 630 3079 anno
644 3025 709 3081 fimo
723 3027 824 3100 velpa·
865 3025 964 3080 occidit
989 3028 1059 3080 cirea
1087 3027 1244 3099 vigesimum
1267 3032 1386 3101 augusti.

310 3105 433 3163 bulnndn
445 3120 507 3162 sunt
525 3105 622 3158 olea.»
637 3104 729 3160 Hatra.
866 3106 965 3176 Aquila
980 3105 1067 3159 oritur
1073 3107 1188 3178 septimo
1204 3105 1265 3161 idus
1275 3106 1386 3164 decern·

352 3188 398 3242 23.
412 3185 492 3258 Mago
511 3185 582 3238 idem.
597 3186 632 3238 Et
646 3184 780 3246 Palladius
793 3185 822 3238 in
865 3184 940 3250 bris,
952 3184 981 3238 id
995 3196 1052 3252 est,
1065 3186 1136 3240 eirca
1150 3188 1295 3260 septimum
1309 3189 1385 3243 diem

308 3269 369 3322 Iun.
381 3267 429 3321 lib.
443 3267 489 3332 11,
509 3265 551 3319 tit.
567 3265 824 3337 15:1Amygdalus
865 3268 921 3338 ejus
941 3265 1060 3318 mensis:
1082 3285 1136 3338 qua
1158 3267 1263 3320 ratione
1283 3268 1386 3324 occidit

309 3347 404 3402 seritur
417 3365 507 3400 mense
518 3343 656 3416 januario,
674 3355 702 3397 ot
715 3345 822 3398 februa·
865 3346 936 3398 circa
950 3345 1094 3415 septimum
1107 3345 1180 3402 maii.
1198 3347 1302 3401 Daue.

309 3427 351 3480 rio
365 3446 372 3478 e
385 3425 449 3479 item
469 3425 534 3480 locis
556 3419 658 3476 callidis
677 3425 784 3477 octobri
796 3435 823 3478 et
908 3424 953 3478 2⁵.
968 3423 1056 3476 Verum
1065 3439 1160 3480 aantroe
1177 3429 1298 3482 totiuan
1305 3429 1384 3484 MSS.

309 3505 488 3560 novembri.»
517 3505 557 3557 De
582 3521 674 3556 occasu
697 3503 823 3567 Arcturi,
863 3506 953 3576 potira.
966 3505 1058 3557 Hirro.

310 3585 358 3639 lib.
381 3585 497 3650 xvut,
526 3600 584 3654 cap.
605 3589 649 3652 γά.
663 3582 703 3635 De
726 3601 822 3636 nocam
908 3583 1166 3638 26.SubEtesiaruar.
1179 3586 1384 3659 Debisegimns

310 3661 489 3734 Vergiliarum
498 3702 506 3731 ,
515 3661 564 3715 tib.
579 3661 821 3735 xvn1,csp.59.
864 3661 914 3714 lib.
926 3664 971 3727 11,
984 3680 1009 3715 c.
1022 3669 1058 3734 47
1068 3702 1076 3732 ‚
1088 3661 1262 3738 dicemusque
1283 3668 1383 3723 iterum

311 3742 431 3814 Sagitta,
441 3762 500 3814 cap.
518 3747 565 3812 74.
579 3741 682 3813 Aquilai
695 3741 824 3806 demum,
867 3741 915 3794 lib.
925 3742 1037 3804 xvnt,
1051 3763 1109 3816 asp.
1122 3747 1169 3799 68.
1181 3747 1276 3800 Hann.

310 3839 369 3894 cap.
384 3826 431 3889 69.
443 3819 535 3874 flattu.
643 3843 652 3854 ·
909 3840 954 3892 27.
973 3821 1022 3874 Cos
1038 3825 1117 3876 insuta
1130 3828 1228 3877 scotres
1244 3838 1304 3879 tuuc
1315 3831 1382 3880 serit.

351 3907 396 3964 ad.
420 3899 463 3954 Ab
475 3921 560 3954 occasa
577 3899 754 3974 Vergiliarum,
772 3914 822 3957 etc.
869 3901 912 3954 Sic
925 3920 959 3954 ex
977 3901 1056 3955 MSS.
1072 3903 1177 3956 emend.
1195 3903 1280 3958 Hard.
1295 3905 1382 3960 Gron.

310 3979 467 4035 columella
490 3980 617 4052 Vergilia
640 3981 766 4034 oriuntur
794 4000 823 4034 rr
867 3993 893 4034 et
913 3981 955 4034 ΑΙ.
973 3981 1021 4034 Cos
1036 3983 1116 4035 imula
1129 3997 1153 4035 et
1165 3987 1227 4036 viter
1241 4005 1251 4037 .·
1266 3990 1382 4038 tonsuri

310 4058 369 4114 idus
382 4059 551 4124 novembris,
565 4059 594 4112 id
605 4071 657 4125 est.
669 4062 740 4130 eirca
749 4059 823 4114 diem
868 4061 935 4130 apud
948 4058 1057 4114 Groecos.
1071 4063 1123 4116 En.
