2925 5009
341 475 411 546 208
626 475 665 542 C.
692 474 854 544 PLINII
880 475 984 544 NAT.
1013 473 1135 542 HIST.

339 629 471 702 quoque
489 606 598 676 Graeci
616 629 683 672 non
710 602 844 674 aliunde
865 604 1055 698 praeierunt.
1075 589 1252 704 Pluribus‘
1275 605 1316 673 fit
1335 604 1400 675 baec

341 711 458 782 modis.
477 711 586 782 Graeci
603 710 775 804 perfusum
789 735 876 804 aqua
893 709 1058 779 hordeum
1074 711 1201 780 siccant
1216 727 1400 797 nocteuna,

343 844 382 888 ac
398 832 532 913 postero
548 816 601 884 die
619 817 762 911 frigunt,
787 816 906 886 deiude
924 815 1040 885 molis⁷
1062 816 1231 911 frangunt„
1248 820 1332 887 Sunt
1349 818 1400 913 qui

344 925 571 993 vehementius
588 937 713 992 tostum
729 948 844 992 rursus
858 927 975 1019 exigua
996 945 1082 1018 aqua
1101 939 1296 1018 aspergant,
1308 927 1402 992 etsie·

311 1046 422 1102 cent
438 1032 543 1124 prius,
570 1053 670 1122 quam
697 1028 834 1098 molant.
852 1029 917 1100 Alii
938 1054 1019 1098 vero
1036 1029 1221 1099 virentibus
1239 1031 1337 1126 spicis
1352 1029 1401 1098 de·

343 1161 476 1206 cussum
502 1134 667 1204 hordeum
689 1159 806 1206 recens
836 1122 1012 1231 purgant⁸,
1027 1134 1295 1230 madidumque
1284 1161 1320 1204 ru
1340 1134 1399 1230 pila

343 1242 504 1329 tundunt,
523 1257 622 1334 atque
634 1266 666 1310 ru
679 1241 835 1311 corbibus
843 1241 975 1321 eluunt
993 1266 1034 1310 ac
1043 1256 1203 1311 siccatum
1215 1241 1282 1312 sole
1294 1266 1398 1310 rursus

300 1433 306 1441 .
343 1348 507 1434 tundunt,
522 1363 556 1416 et
567 1362 747 1442 purgatum
761 1346 900 1417 molunt.
916 1349 1140 1442 Quocumque
1160 1363 1270 1417 autem
1289 1371 1400 1442 genere

344 1468 548 1551 praeparato,
571 1455 695 1524 vicenis
718 1453 836 1523 hordei
858 1453 965 1540 libris,
991 1469 1103 1524 ternas
1124 1456 1259 1524 seminis
1272 1453 1347 1541 lini,
1369 1468 1399 1522 et

343 1560 510 1630 coriandri
540 1557 711 1644 selibram,
742 1561 881 1655 salisque
912 1559 1121 1645 acetabulo⁹,
1142 1575 1305 1630 torrentes
1330 1574 1397 1629 ante

345 1669 456 1737 omnia
477 1668 617 1736 miscent
634 1667 667 1734 in
691 1664 789 1735 mola.
813 1668 881 1756 Qui
895 1665 1019 1736 diutius
1036 1665 1156 1736 volunt
1167 1693 1316 1748 serrare,
1329 1691 1396 1737 cum

346 1773 468 1868 polline
496 1797 534 1841 uc
557 1771 742 1842 furfuribus
762 1773 829 1842 suis
846 1772 997 1843 condunt
1012 1774 1109 1842 novis
1130 1773 1296 1844 fictilibus.
1315 1772 1395 1842 ltalia

346 1882 416 1949 sine
435 1879 627 1975 perfusione
648 1892 773 1948 tostum
792 1880 827 1946 in
846 1877 999 1949 subtilem
1014 1878 1153 1948 farinam
1168 1879 1277 1966 molit,
1294 1879 1396 1950 iisdem

347 1986 480 2071 additis,
500 1999 601 2103 atque
622 1985 719 2053 etiam
735 1983 837 2054 milio.
855 1989 977 2054 Panem
992 2011 1034 2054 ex
1047 1985 1176 2056 hordeo
1192 1988 1330 2081 antiquis
1342 1987 1395 2054 usi·

282 2075 454 2162 'tatum
478 2091 545 2160 vita
566 2089 756 2174 damnavit,
776 2090 1097 2186 quadrupedumque
1115 2093 1185 2162 fere
1207 2092 1298 2162 cibus
1314 2106 1367 2160 est

314 2227 326 2261 1
400 2201 476 2268 XV.
508 2195 665 2266 Ptisanae¹
694 2197 770 2265 inde
785 2221 864 2266 usus
877 2195 1097 2267 validissimus
1112 2197 1394 2292 saluberrimusque

345 2321 519 2399 tantopere
533 2303 703 2399 probatur.
722 2304 837 2372 Unum
864 2301 1017 2374 laudibus
1036 2305 1107 2398 ejus
1124 2304 1281 2376 volumen
1290 2305 1396 2375 dicarit

346 2407 584 2508 Hippocrates²
603 2407 829 2479 eclarissimis
845 2409 1016 2480 medicinae
1030 2412 1179 2481 scientia
1199 2414 1331 2482 Ptisana
1345 2411 1394 2478 bo

346 2522 431 2589 uitas
447 2517 613 2613 precipua
635 2517 798 2585 Uticensi.
828 2520 866 2584 ln
895 2517 1040 2612 AEgypto
1067 2543 1149 2587 vero
1176 2532 1252 2607 est,
1271 2543 1338 2613 quae
1363 2515 1394 2584 fit

346 2651 388 2696 cx
407 2622 553 2709 hordeo,
581 2622 635 2690 cui
655 2607 750 2690 sunt³
780 2621 850 2691 bini
875 2622 1000 2718 anguli
1035 2627 1076 2694 Iu
1101 2626 1222 2694 Baetica
1247 2640 1280 2695 et
1301 2623 1394 2694 Africa

389 2785 416 2834 6.
432 2779 545 2831 Pluribus
550 2775 587 2847 fit
599 2777 650 2830 loec
661 2777 746 2829 modu
764 2775 787 2826 l
774 2775 860 2830 urio·
902 2778 1062 2846 Athenaeus,
1086 2781 1135 2832 lib.
1160 2781 1204 2845 X,
1230 2780 1329 2834 dictum
1348 2777 1394 2830 vult

348 2879 403 2916 sam
419 2859 491 2912 illam
514 2855 608 2910 hordei
632 2855 801 2927 preparandi
822 2875 862 2910 ra·
904 2861 953 2912 ἀπὸ
968 2865 1011 2913 τσῦ
1027 2859 1141 2913 πτίσσειν
1158 2861 1201 2913 καὶ
1219 2861 1249 2914 ἄν
1250 2863 1301 2919 εἶν
1318 2872 1393 2912 atun-

348 2942 449 2994 tionem
467 2955 500 2990 ex
520 2938 677 2990 pherecrate
698 2937 791 2990 recitat
809 2937 862 2988 Eu·
874 2936 992 2998 dendo
1004 2951 1031 2992 et
1042 2937 1251 2994 madefaciendo
1263 2939 1393 3026 Deptiseqt

348 3019 460 3074 statbius
472 3015 515 3070 his
530 3016 637 3070 verbis.
657 3015 702 3077 riae
723 3014 804 3087 epulae
821 3011 862 3069 δεῖ
902 3015 975 3072 idem
995 3030 1089 3072 auctor
1108 3019 1181 3072 bunc
1201 3020 1329 3092 gryphum
1339 3035 1393 3072 reu

347 3099 474 3164 πτίσσειν,
484 3094 611 3153 tundere.
622 3096 744 3166 pinsere.
757 3096 861 3166 φρΰγιιν,
903 3109 962 3152 tat:
987 3103 1067 3170 apetie
1091 3099 1188 3170 ἀφλοίου
1212 3101 1316 3171 ὀργάσας
1337 3098 1393 3184 pali·

349 3193 469 3234 torrere:
491 3174 689 3248 ἀπσόράττιιν,
682 3193 709 3228 ιιι
727 3175 862 3228 ceruicula
903 3179 955 3231 πὶι.
983 3177 1113 3232 «Hordei
1135 3177 1290 3233 decorticati
1313 3191 1337 3232 et
1352 3171 1393 3230 tusi

349 3261 480 3323 cribrare,
499 3267 544 3309 aut
565 3255 666 3308 corbe:
691 3255 773 3321 ἀνεῖν,
795 3273 863 3326 aqua
904 3275 1053 3312 cremorem
1068 3258 1167 3310 bibe.-
1186 3261 1254 3312 Dru.

349 3357 456 3394 rursum
467 3352 623 3408 aspergere·
616 3375 622 3386 .
636 3335 731 3399 ἀλέσαι,
744 3336 861 3388 molere.
947 3358 974 3390 a.
984 3338 1154 3408 Hiprpocmtes.
1170 3339 1223 3393 Hic
1233 3339 1301 3393 liber
1308 3350 1349 3402 est,
1357 3332 1393 3406 qui

350 3420 532 3490 pelicumanu
543 3413 685 3485 subigere:
700 3417 861 3485 παραθεῖναι,
906 3415 968 3470 alias
993 3417 1029 3470 de
1062 3416 1183 3489 ptisana,
1208 3433 1238 3473 ut
1262 3432 1345 3473 auctor
1362 3425 1392 3466 ἅ

350 3495 480 3553 edendum
494 3511 638 3566 apponere.
653 3495 722 3546 Dru.
906 3498 1059 3563 Athenaeus,
1069 3497 1107 3563 11,
1118 3516 1148 3568 p.
1161 3497 1328 3569 57,nuncde
1336 3494 1393 3551 victu

396 3598 422 3649 7.
441 3576 537 3628 Deinde
556 3575 633 3626 molis.
645 3572 717 3626 Vide
739 3591 798 3645 quae
821 3572 864 3627 di·
905 3576 934 3628 in
949 3577 1051 3630 morbis
1070 3577 1168 3642 scutis,
1185 3580 1227 3631 rel
1244 3592 1329 3632 eontra
1344 3572 1392 3628 Coi·

350 3657 434 3714 cende
445 3667 508 3710 aunt
518 3673 576 3726 cap.
589 3652 731 3707 saturn.
907 3655 964 3710 dias
985 3657 1128 3710 sententias
1145 3657 1289 3729 inscriptus
1309 3657 1392 3727 legium

393 3741 419 3792 8.
438 3737 559 3805 Purgant.
575 3735 596 3786 Α
611 3734 737 3806 pulvere,
750 3733 865 3806 lapillis,
906 3749 981 3789 tomo
1004 3736 1280 3810 undecimo'operum
1303 3730 1391 3793 eueni,

351 3832 377 3872 et
390 3817 418 3870 id
432 3833 515 3887 genus
527 3814 636 3886 reliquis
646 3811 779 3867 sordibus.
794 3817 863 3867 Das.
907 3817 955 3890 qui
969 3830 1083 3888 quatuor
1095 3817 1123 3868 in
1142 3835 1204 3870 eum
1225 3819 1320 3872 librum
1335 3829 1391 3869 aum·

392 3917 420 3966 9.
433 3895 577 3948 Autobulo.
597 3895 637 3945 De
658 3893 709 3948 boc
734 3913 866 3948 mensuras
907 3897 1052 3950 menterios
1068 3891 1162 3952 edidit.
1176 3897 1269 3953 Ηιιιι.

351 3993 449 4048 genero
462 3971 566 4026 dicetur
579 3973 625 4026 lib.
638 3973 714 4038 XXI,
729 3991 786 4044 cap.
802 3991 864 4043 109.
950 3977 977 4030 3.
995 3975 1044 4030 Cui
1053 3989 1111 4028 saur
1123 3976 1175 4029 tut
1187 3979 1280 4050 anguli.
1295 3978 1331 4030 Ex
1342 3973 1390 4026 bor·

351 4055 445 4108 Haeo.
908 4055 960 4109 deo
969 4053 1390 4122 distich0,cuisunrbiniordin⁶2

392 4134 454 4188 XV.
473 4151 497 4188 ι.
517 4131 624 4213 Pulcra
642 4133 704 4186 iude.
719 4135 863 4192 Πσισσάνιν
909 4149 937 4191 ut
950 4155 1013 4190 mox
1025 4137 1159 4208 loquetur,
1172 4151 1199 4191 et
1210 4156 1303 4193 venus
1311 4136 1366 4189 Du·
