2925 5009
425 481 580 550 LIBER
610 479 758 548 xvtlt.
1053 479 1123 551 333

120 613 264 694 LXXIV.
297 600 443 700 (xxxi.)
473 613 629 708 Sequitur
663 635 704 681 ex
736 610 898 682 divisione
930 627 1153 707 temporumr

77 731 234 788 autumnus
252 742 272 787 a
294 717 450 790 Fidiculae
466 743 587 789 occasu
609 717 652 788 ad
674 718 926 812 aequinoctium,
949 743 989 788 ac
1004 721 1123 790 deinde

78 824 275 918 Vergiliarum
298 849 476 912 occasum,
505 827 701 919 initiumque
724 823 852 892 hiemis.
879 826 919 893 ln
944 825 996 894 his
1016 828 1122 896 inter·

76 927 152 999 vallis
161 929 380 1024 significant¹‚
396 931 502 1026 pridie
514 930 588 1000 idus
602 931 742 1026 Augusti
757 929 874 998 Atticm
888 931 1002 1024 Equus
1012 934 1123 1002 oriens

75 1039 184 1128 vesperi
206 1062 215 1104 r
236 1039 384 1132 AEgypto
402 1051 436 1106 et
451 1039 575 1108 Caesari
594 1033 801 1131 Delphinus²
823 1035 987 1107 occidens.
1010 1062 1047 1108 11
1065 1039 1120 1108 to-

74 1135 167 1210 lendas
187 1127 405 1236 septembris³
420 1144 542 1214 Caesari
560 1156 594 1212 et
607 1144 764 1236 Assyriae,
783 1139 895 1225 stella,
909 1167 983 1235 quar
996 1144 1121 1214 Vinde-

74 1236 170 1314 nitor‘
184 1247 384 1343 appellatur,
399 1249 519 1318 exoriri
534 1271 631 1318 mane
648 1249 780 1341 incipit,
792 1246 966 1318 vindemiar
983 1254 1120 1319 maturi·

74 1365 156 1421 tatem
173 1357 382 1448 promittens.
409 1341 507 1448 Ejus⁵
524 1367 757 1450 argumentum
780 1367 881 1422 erunt
906 1355 991 1423 acini
1009 1355 1121 1424 colore

74 1459 180 1528 mutati.
201 1462 347 1554 Assyriae
365 1483 388 1526 v
409 1459 565 1530 kalendas
586 1474 620 1530 et
637 1461 765 1554 Sagitta
780 1458 919 1545 occidit,
948 1475 983 1529 et
1002 1463 1121 1531 Etesiae

73 1559 217 1634 desinunt.
252 1565 469 1637 vindemitor
497 1569 642 1662 AEgyp'to
674 1565 772 1634 nonis
801 1567 968 1652 exoritur,
1003 1569 1122 1636 Atticae

74 1667 212 1739 lreturus
229 1674 416 1758 matutino,
434 1685 468 1740 et
484 1673 610 1766 Sagitta
627 1669 749 1742 occidit
763 1693 870 1739 mane.
884 1658 1032 1760 Quinto⁶
1048 1673 1121 1743 idua
1140 1713 1155 1746 2

73 1777 248 1866 septembris
266 1779 393 1848 Caesari
412 1776 548 1872 Capella
568 1779 675 1846 oritur
692 1778 833 1870 vesperi.
858 1777 1021 1847 Arcturus
1041 1803 1123 1848 vero

74 1879 179 1950 medius
210 1882 320 1977 pridie
358 1882 450 1972 idus,
481 1881 792 1952 vehementissimo⁷
821 1882 1007 1978 significatu
1033 1897 1123 1953 terra

103 2031 216 2088 antt.
235 2034 430 2106 1.Sr'gnifirant.
445 2036 505 2090 Hoc
514 2049 566 2104 est,
609 2053 693 2108 quum
720 2033 881 2105 expresseris
908 2036 1033 2102 rinaoes,
1063 2055 1122 2108 quaa

74 2121 99 2162 ¹¹²
123 2131 184 2184 sepe
214 2113 354 2182 diximus,
379 2128 567 2186 tempestatum
608 2115 692 2168 acinis
716 2114 848 2178 oslsntur,
867 2115 923 2184 jam
943 2116 1072 2169 infusmta
1095 2129 1122 2169 et

74 2187 213 2257 inridetur
227 2195 331 2248 habent
346 2193 403 2248 dies
417 2207 463 2248 aut
480 2192 566 2266 sidera
608 2194 737 2248 nonnulla
757 2192 952 2264 propemodum
967 2195 1043 2266 nigra
1063 2195 1123 2248 lue·

73 2283 124 2322 mox
132 2272 293 2342 appellanda.
306 2275 398 2327 Haao.
608 2273 671 2326 rint.
685 2273 756 2326 Nam
774 2273 894 2325 colorem
907 2273 980 2326 nulla
992 2293 1035 2327 res
1047 2275 1122 2328 rina·

107 2351 282 2422 ².'Delplu'nas
300 2353 433 2406 =occideras.
463 2353 566 2408 Occasu
609 2353 662 2405 eeis
677 2364 763 2424 potest
777 2351 875 2403 sltem
896 2352 947 2404 nisi
967 2355 1122 2420 maturitas,

74 2429 203 2496 vespertino
224 2451 232 2484 ε
256 2451 342 2504 quem
364 2431 455 2486 idibus
482 2433 565 2486 Colu·
607 2431 757 2502 praesertim
771 2448 854 2502 quum
865 2430 1038 2508 itainlmedia
1048 2447 1123 2503 perte

76 2507 138 2560 uella
148 2508 274 2581 adjudicat
285 2531 293 2566 :
308 2538 320 2559 ι
333 2510 426 2565 Idibus
434 2511 566 2582 Augusti,
609 2510 747 2564 acinorum
757 2509 821 2572 sint,
834 2521 866 2562 ut
873 2523 922 2564 ets
932 2512 988 2564 sole
996 2524 1122 2566 ustuante

75 2582 181 2655 Delphini
197 2609 321 2656 oeoasus,
341 2603 521 2662 tempestatem
534 2593 567 2644 si·
609 2603 635 2642 et
647 2589 755 2642 aventis
761 2601 959 2659 protegentem
969 2587 1123 2662 humorque

77 2664 189 2730 strideant.
204 2695 215 2717 ι
226 2671 262 2723 Et
271 2683 381 2742 postero
394 2669 452 2732 die,
471 2694 483 2717 ι
500 2671 567 2724 XIX
609 2669 666 2738 ipse
678 2687 732 2721 oon
744 2669 847 2737 patitur
859 2685 889 2720 ea
897 2671 1033 2741 praecoqui
1044 2683 1123 2741 atque

76 2740 118 2795 hl·
126 2747 262 2818 septembr.
277 2747 398 2820 ejusdem
408 2747 502 2802 sideris
510 2767 566 2804 ms·
609 2747 737 2801 inlustrari
746 2745 797 2799 nisi
806 2759 1010 2817 suaptenstura.
1018 2773 1030 2796 ι
1041 2750 1121 2802 Prar.

77 2822 272 2883 tutinnsoeeasus
287 2839 471 2900 tempestatem
484 2829 567 2900 signi·
651 2830 678 2880 6.
712 2827 806 2895 Quanto
842 2827 906 2878 idus.
942 2827 1120 2891 Columellas,

78 2898 152 2955 dest·
168 2903 257 2961 llario,
612 2904 755 2976 sSeptima
777 2903 838 2958 idus
869 2906 956 2977 Capra
983 2908 1122 2972 exoritur,

109 2981 131 3036 3.
144 2985 184 3037 Xl
201 2987 250 3042 kal.
274 2987 389 3058 septemb.
415 2985 567 3054 Quatridno
610 2995 794 3056 tempestatem
807 2984 946 3055 significat.
962 3011 974 3032 ι
986 2986 1077 3040 llario.

78 3073 126 3124 tm
142 3063 308 3131 Columella,
334 3068 389 3131 XI,
413 3087 427 3120 a
452 3083 490 3118 a·
512 3068 568 3119 vlt
651 3083 678 3134 7.
712 3064 928 3117 Velemta'ssinao.
957 3064 1066 3118 Plautus
1093 3065 1122 3117 in

79 3134 120 3192 tat.
137 3157 196 3214 sept.
225 3146 416 3200 Vindemiator
447 3147 568 3199 exoritur
609 3140 747 3207 Rudente,
766 3143 839 3196 Ptol.
852 3161 878 3195 r.
894 3147 951 3212 69:
968 3170 980 3190 ·
996 3145 1123 3215 Increpui

78 3225 566 3297 usne,etarctnrusincipttorctdere:
609 3221 766 3287 hibernum,
780 3234 808 3274 et
820 3221 916 3276 fluetus
929 3223 1002 3275 mori
1020 3225 1122 3277 martu-

80 3292 190 3356 interdnm
201 3305 302 3374 pluria.
315 3331 326 3352 .
342 3303 434 3356 Haau.
610 3320 676 3355 moa.
698 3301 767 3354 Nam
786 3301 915 3354 Arcturus
939 3302 1044 3372 siguum
1063 3321 1122 3356 suna

110 3381 298 3440 tfflmdeatrar.
317 3384 409 3438 Sicera
423 3383 500 3436 MSS.
514 3400 566 3436 ern.
609 3380 730 3433 omnium
755 3379 916 3434 acerrimm
941 3399 948 3433 :
972 3381 1123 3436 Vehemens

79 3451 146 3511 llanl.
157 3462 382 3526 Asteriaderar'ator,
396 3463 566 3533 προτρυγητὴρ
609 3477 668 3512 aum
682 3459 822 3513 exoriens:
831 3477 915 3530 quum
929 3459 1124 3525 oeeido,velte·

80 3529 170 3592 Prolem.
178 3547 341 3616 nperpdanre
352 3543 567 3595 ethvtndsmta·
609 3539 736 3592 mentior.
750 3537 855 3592 »Stella
868 3551 908 3592 est
916 3539 1011 3592 eximie
1019 3541 1123 3612 oonspi-

80 3621 110 3662 ttr
125 3617 188 3675 viu.
211 3623 332 3695 rpuqnsitp
353 3619 462 3676 Hesiod.
479 3621 566 3673 vinds·
609 3637 657 3672 oua
670 3619 698 3671 in
713 3618 788 3688 signo
799 3619 891 3672 soora
901 3618 956 3669 sive
970 3619 1123 3691 Arctophy-

80 3695 150 3748 ru'stor
159 3699 202 3752 Gt.
215 3717 241 3758 et
253 3703 289 3756 sl.
306 3703 358 3754 En.
610 3697 690 3763 lacis,
708 3709 771 3769 post
784 3695 895 3749 caudam
909 3697 1016 3768 majoris
1031 3715 1120 3751 ursa:

111 3774 133 3828 5.
150 3777 208 3848 Ejus
232 3793 398 3852 argumentum
416 3791 486 3832 eruat
502 3781 568 3831 acini
609 3775 681 3831 unde
706 3794 805 3829 nomen
825 3775 920 3836 habet,
943 3777 1018 3846 quasi
1033 3776 1123 3846 ἄρκτου

82 3850 232 3916 Quarta.
243 3861 353 3926 Scribo,
370 3861 432 3930 Ejus
443 3877 566 3929 argumen-
610 3857 677 3927 οὐρά.
688 3853 784 3910 Cicero
795 3855 823 3908 in
837 3854 977 3908 Phanom.
988 3853 1022 3908 de
1033 3857 1125 3910 Arcto·

82 3939 119 3982 tm
139 3951 201 3989 arant
228 3946 331 3994 vinacea
364 3940 441 3992 colore
465 3950 566 3992 mutata.
610 3936 723 4008 phylace
740 3933 959 4005 :cdretophylax
975 3934 1058 4005 vulgo
1076 3937 1122 4006 qui

82 4006 565 4090 Curaetts,ttb‚11,cap.2:.tta·
610 4015 889 4070 dieituresseBootes
890 4051 963 4066 .....
984 4013 1054 4067 Huic
1073 4032 1123 4068 sn-

83 4091 154 4145 turalis
178 4111 263 4154 autem
289 4098 429 4152 maturitas
453 4111 514 4160 est,
545 4097 567 4149 si
611 4107 663 4150 tem
680 4093 772 4148 subter
791 4091 938 4163 prreeordia
952 4091 1004 4146 lias
1018 4091 1123 4148 ridetur
