2925 5009
473 451 632 519 LIBER
658 452 765 519 xlx.
1070 447 1147 532 425

82 606 152 675 qua
167 606 236 651 non
249 582 406 651 scabrum
421 581 550 651 caulem
568 582 714 653 habent:
728 598 763 653 et
777 583 812 651 in
830 568 960 653 usum²⁵
978 606 1060 653 vero
1074 576 1147 651 ‹ici-

81 713 169 757 mum
180 742 190 776 ,
203 688 394 783 raphanus,
413 686 552 759 lactuca.
570 691 665 759 Hanc
679 674 811 759 etiam²⁶
824 690 1011 759 suaviorem
1028 702 1150 784 putant

80 796 400 889 aregerminatione.
420 794 604 890 Raphauus
625 796 777 891 utique'⁷
792 794 972 890 jucundior
992 794 1148 865 detractis

80 898 164 969 foliis
185 915 364 995 antequam
388 890 640 971 decaulescat²⁸.
679 904 754 971 Hoc
776 916 810 971 et
829 904 864 971 in
882 903 982 996 rapis.
1006 902 1095 971 Nam
1114 914 1149 969 et

81 1004 194 1075 eadem
213 1006 352 1101 direptis
374 1005 459 1075 loliis
479 1018 636 1103 cooperta
654 1020 744 1077 terra
765 1021 939 1093 crescunt,
960 1006 1149 1101 durantque

81 1137 115 1179 in
130 1127 252 1182 aestate.

129 1220 310 1288 XXXVII.
325 1217 462 1313 Singula
477 1217 615 1313 genera'
629 1234 708 1289 sunt
724 1208 855 1303 ocimo,
873 1217 1032 1314 lapatho,
1049 1215 1146 1303 blito,
1167 1244 1180 1278 ι

79 1325 259 1411 nasturtio,
280 1348 405 1411 erucae,
428 1324 583 1420 atriplici,
606 1325 800 1412 coriandro,
816 1325 950 1394 anetho.
965 1327 1045 1393 Haec
1058 1324 1148 1391 enim

78 1430 201 1524 ubique
220 1428 335 1500 eadem
352 1444 446 1518 sunt,
459 1455 568 1525 neque
588 1428 676 1501 aliud
693 1430 758 1501 alio
774 1428 892 1499 melius
912 1453 1062 1525 usquam.
1078 1430 1148 1497 Ru·

77 1535 165 1604 tam'
195 1536 353 1605 furtivam
372 1551 502 1607 tantum
529 1538 706 1633 provenire
734 1535 873 1607 fertilius
897 1550 1033 1631 putant,
1062 1536 1150 1604 sicut

77 1626 175 1735 apea³
193 1641 333 1712 hirtivus
349 1645 504 1737 pessime.
527 1645 721 1713 Nascuntur
742 1644 841 1713 etiarn
859 1666 929 1711 non
947 1656 1034 1728 sata,
1051 1664 1149 1709 men-

76 1761 236 1835 tastrum,
253 1762 393 1845 nepeta,
416 1748 586 1836 intubum,
603 1747 785 1844 pulegium.
806 1750 956 1835 Contra,
978 1746 1074 1843 plura
1093 1770 1149 1841 ge·

78 1877 158 1921 nera
173 1868 255 1923 sunt
272 1879 388 1924 eorum
406 1879 479 1948 quae
498 1854 659 1941 diximus,
677 1855 917 1947 dicemusque:
935 1868 970 1921 et
982 1856 1017 1922 in
1034 1853 1150 1947 primis

77 1960 162 2054 apio.
178 1949 346 2053 (vin.)1d
362 1963 451 2029 enim
467 1960 557 2055 quod
577 1976 695 2055 sponte
713 1962 749 2029 in
768 1958 914 2029 humidis
930 1959 1077 2029 nascitur
1095 1958 1150 2027 he·
1168 1999 1183 2034 a

76 2194 136 2247 quar
148 2188 212 2230 sunt
224 2178 285 2231 lari
304 2179 395 2244 caule,
411 2176 503 2233 deciso
515 2180 592 2235 caule
635 2180 737 2233 Verum
749 2192 803 2233 tarn
818 2192 882 2233 aunt
894 2178 984 2233 affinia
998 2180 1152 2251 quoeTbec·

79 2273 146 2329 rupe
158 2258 348 2326 regerminant.
361 2257 453 2311 Hiran.
637 2259 779 2331 phrastus,
801 2272 829 2311 et
846 2276 906 2329 quar
927 2258 1030 2311 Plinius
1052 2260 1152 2325 refert,

117 2336 164 2389 25.
176 2337 214 2388 Et
224 2340 251 2389 in
262 2356 338 2391 usum
349 2337 519 2391 Manifestum
529 2356 593 2390 vero
635 2356 716 2411 quam
739 2356 822 2393 ovum
844 2350 883 2393 eat
902 2357 956 2391 ovo
972 2338 1068 2393 simile.
1082 2340 1152 2405 Qua

81 2414 142 2467 baec
167 2418 286 2469 maxime
316 2416 494 2488 regerminare
518 2416 593 2470 caule
635 2416 1153 2489 deraplrauorapitquenuncadatruun·

77 2494 181 2559 reciso,
197 2514 258 2567 qua
270 2496 299 2549 in
312 2514 391 2549 urum
405 2492 593 2567 quotidianum
636 2508 689 2561 tur,
702 2510 764 2551 aunt
774 2496 1058 2563 verissima,etexalio
1068 2497 1151 2563 fonte,

76 2575 202 2627 veniunt:
217 2574 369 2647 cujusmodi
384 2587 446 2630 sunt
459 2575 593 2641 ocimum,
635 2594 716 2648 quam
727 2595 759 2631 ex
770 2576 972 2647 Theophrasto,
983 2576 1085 2630 hausta.
1097 2576 1132 2629 Η.

75 2653 594 2723 npbanualactucadnhrassica‘l'heo·
679 2658 726 2709 28:
749 2656 888 2726 Antequam
908 2654 1069 2711 διασώσει.
1090 2656 1153 2709 Sire

76 2732 216 2803 phustas,
230 2752 287 2787 nou
310 2734 338 2787 in
361 2734 481 2805 raphano
504 2750 594 2787 exem·
636 2735 774 2789 cauleacat.
786 2735 856 2787 Nam
865 2732 939 2787 idem
952 2746 1001 2787 eat.
1014 2734 1154 2789 statmo

76 2811 151 2881 plum
163 2814 272 2883 posuit:
285 2802 455 2885 hppasleara
468 2808 498 2866 di
510 2814 593 2883 bouq
636 2816 684 2867 ta'u
697 2813 773 2883 apud
792 2813 917 2879 Grucos,
931 2825 958 2867 et
970 2831 1111 2884 erumpere
1122 2814 1152 2868 in

76 2890 117 2943 aui
131 2891 166 2952 alt
182 2896 286 2963 χριῑαν,
307 2892 414 2964 daipoa,
432 2888 534 2963 θρίδαξ,
548 2892 594 2963 ῥά·
636 2893 740 2947 caulem
753 2904 847 2947 tonat:
862 2904 890 2947 et
904 2892 985 2947 simul
995 2904 1033 2947 eat
1046 2906 1153 2948 contra-

78 2969 265 3039 pusetfflaao.
636 2972 891 3043 riuaignibcationia
906 2972 1152 3043 :quoniamlaaau

117 3053 164 3103 26.
185 3050 261 3103 Hane
282 3056 362 3103 etiarn
379 3050 518 3121 Theophr.
541 3049 593 3105 loc.
636 3054 685 3105 λιῖν
709 3052 791 3106 etiam
816 3050 945 3105 dicuntur
966 3069 1013 3117 ea,
1036 3070 1153 3124 quorum

76 3128 120 3182 cit.
152 3130 207 3183 nat
231 3134 276 3193 rsit
302 3130 346 3201 pir
369 3126 482 3199 θρίδακος
508 3124 594 3192 aldione
636 3130 723 3184 caules
742 3143 916 3185 marcescunt.
929 3129 1021 3183 llaan.
1079 3184 1083 3189 ,

76 3206 135 3279 paul
151 3209 210 3271 τοὺς
226 3208 395 3271 restituimus
406 3204 466 3263 alsat
481 3210 593 3272 aaulcbc.
686 3209 831 3263 xxxvn.
862 3227 887 3263 r.
920 3208 1025 3280 Singula
1052 3228 1151 3279 gerara.

80 3287 136 3340 ιΕῑ
150 3286 262 3342 lactucae
280 3288 389 3361 quidem
403 3288 594 3359 regerminatoa
637 3289 719 3343 Conl.
733 3290 875 3359 Theophr.
889 3288 1088 3343 Histor.Plant.
1103 3289 1151 3342 lib.

76 3366 164 3421 caules
187 3369 322 3422 suaviores
341 3386 397 3422 esse
418 3367 561 3421 affirmant.
578 3393 590 3415 ι
637 3368 779 3439 V11,cap.
798 3374 824 3432 4.
840 3369 983 3421 nias...
1001 3370 1041 3422 De
1054 3368 1096 3421 his
1109 3369 1152 3421 lu·

75 3444 167 3499 Eun.
175 3478 216 3489 -·
229 3450 270 3501 De
283 3448 363 3501 variis
374 3445 446 3518 apud
458 3447 592 3519 Antiquos
636 3447 690 3501 sius
704 3446 803 3501 Noster
815 3447 864 3501 lib.
879 3465 935 3519 aeq.
949 3448 1004 3502 En.

76 3524 178 3578 lactuca
189 3526 343 3598 speciebus,
356 3524 412 3579 vid.
427 3526 592 3579 Excura.1V
678 3545 704 3581 a.
718 3528 816 3580 limae.
830 3525 970 3581 Palladia
984 3526 1066 3581 Mart.
1084 3540 1105 3581 t.
1123 3546 1152 3598 9,

75 3603 108 3657 ad
128 3604 230 3659 calcem
248 3606 358 3678 hujusce
376 3605 455 3671 libri,
471 3624 503 3659 ex
522 3606 592 3661 notia
637 3624 664 3677 p.
687 3607 835 3677 90:⁸11oe
848 3624 938 3661 meuse
952 3619 1012 3659 ruta
1026 3606 1151 3678 ueritum..
1225 3654 1228 3659 .

79 3684 120 3739 Cl.
133 3682 260 3739 Gerardi.
276 3687 328 3741 En.
637 3683 684 3739 sed
711 3698 742 3739 ut
765 3698 904 3751 ruerunt,
935 3686 1030 3740 melius
1054 3686 1151 3741 furtiva

119 3782 166 3834 ²7·
179 3766 410 3835 Raphanmutiqua.
422 3764 461 3816 Ut
473 3764 591 3817 Plinium
637 3765 785 3836 proveniet.
806 3765 922 3818 sublici
938 3766 1040 3819 arboris
1056 3766 1153 3819 umbra

77 3842 163 3897 critici
187 3842 401 3917 reprehendant,
421 3840 455 3896 de
471 3844 591 3915 raphano
636 3844 763 3899 libentius
777 3844 930 3916 acquiescit.
945 3870 957 3894 ι
974 3845 1065 3899 Ilium

76 3921 591 3995 accepisseeallnguut,quedehrae·
684 3926 710 3979 3.
743 3923 814 3977 Sicut
838 3944 904 3995 apa.
929 3924 998 3977 Plin.
1028 3925 1075 3979 lib.
1095 3926 1153 3990 xl,

77 4001 128 4056 rica
149 4003 353 4077 Theophrastus
379 3999 518 4073 prodidit,
537 4002 590 4057 loc.
636 4020 694 4074 cap.
721 4002 774 4067 15,
794 4001 829 4057 de
852 4002 947 4077 apibus
965 4023 973 4059 a
994 4004 1154 4059 1Ett'uretu

77 4080 120 4138 eit.
143 4095 226 4156 atque
250 4082 341 4139 omnia
365 4080 435 4139 frede
447 4081 591 4139 minuisse.
615 4081 726 4138 odere.
741 4108 754 4133 ι
768 4083 860 4138 fluo.
