2925 5009
502 478 663 547 LIBER
689 480 815 549 xvtt.
1136 477 1186 551 at

118 630 281 677 consensu
298 604 461 679 laudetur.
478 610 523 679 Et
540 609 574 679 in
590 608 742 705 snsgibus
758 608 894 705 quidem
912 608 1057 683 serendis
1070 611 1186 683 esderu
1208 636 1238 673 ιι

8 734 9 753 ¹
118 726 209 781 terra
219 710 327 784 utilior
341 712 548 809 intelligitur,
563 718 692 810 quoties
705 717 891 789 intermissu
904 715 1036 788 culture
1044 718 1185 812 quievit:

118 818 209 913 quod
227 822 263 889 in
281 821 382 891 vineis
400 846 472 893 non
489 821 547 893 fis:
567 846 674 918 eoque
687 822 876 919 diligentius
893 821 1044 918 eligenda
1058 838 1127 909 est,
1144 848 1188 897 ue

8 976 9 979 η
118 950 197 995 vera
215 929 348 997 exsistat
361 929 476 1022 opinio
490 952 606 999 eorum
617 914 654 1017 ¹⁶,
666 930 723 1024 qui
737 930 808 1023 jorn
820 928 927 1001 ltaliae
937 945 1062 1001 terrum
1079 930 1188 1001 existi

117 1054 251 1103 suavem
260 1030 389 1107 lusan
408 1035 530 1129 Operis
542 1035 675 1130 quidem
687 1034 710 1077 ²⁷
726 1033 867 1107 facultas
878 1037 912 1107 in
926 1035 1000 1107 eliis
1012 1035 1188 1131 generibus

117 1152 247 1209 constet
263 1152 298 1209 et
310 1138 407 1210 celo:
420 1165 483 1213 nec
499 1156 608 1237 potest
620 1144 708 1215 orori
723 1156 800 1237 post
812 1141 936 1213 imbres
950 1140 1081 1237 eliqua,
1092 1142 1189 1213 uber·

118 1245 192 1315 tatis
206 1231 318 1316 vitio²⁸
333 1244 527 1319 lentescens.
549 1238 694 1336 Contra,
715 1250 751 1319 in
774 1250 913 1344 Byzacio
922 1247 947 1287 ’⁹
959 1248 1080 1345 Attice
1094 1246 1187 1321 illum

117 1465 254 1521 conbusta
267 1466 395 1538 proxime
409 1465 451 1521 sit.
464 1468 522 1523 Nec
534 1465 563 1521 id
576 1467 632 1521 lor·
674 1468 770 1533 lerisn,
780 1467 926 1539 cst-uque
937 1468 1098 1524 neroum
1112 1484 1190 1538 repu-

116 1542 633 1619 u'tsnperseugit,sedquodsmsuodo
674 1546 820 1611 disrerim,
845 1547 1012 1601 cenantium
1036 1546 1116 1619 longo
1139 1545 1188 1599 evi

117 1641 163 1693 per
176 1638 304 1678 eventurn
322 1642 329 1677 :
351 1626 460 1696 impluit
479 1626 549 1679 enim
567 1624 632 1681 locis
674 1627 743 1691 situ,
762 1626 890 1698 longique
900 1628 955 1699 jam
969 1626 1097 1697 temporis
1112 1643 1190 1678 exer·

116 1704 163 1755 slsi
186 1705 349 1759 eonstiterit.
378 1705 487 1777 Quippe
515 1706 632 1759 meterius
675 1706 802 1760 elutione
817 1706 951 1777 lstigstssn
969 1718 996 1759 et
1013 1705 1120 1759 effessur
1138 1704 1189 1758 Irn-

116 1784 261 1837 essnbnstss
281 1783 418 1839 sdnistus
436 1786 536 1841 humor
553 1802 633 1857 rspo-
674 1805 751 1841 nrnnr
771 1786 951 1841 consenuisse,
967 1785 1024 1841 Nec
1038 1798 1066 1839 ts
1077 1787 1187 1857 ignom

115 1880 171 1915 rem
185 1862 332 1935 quemdem
344 1862 510 1937 darentque
517 1865 630 1928 excitet,
673 1885 757 1939 quurn
768 1866 916 1920 stallorum
927 1865 1070 1919 illustrium
1079 1864 1190 1937 scripto·

116 1944 290 2075 pequznim
306 1961 379 2015 sque
392 1944 509 1997 multum
522 1942 631 1998 descen·
674 1964 750 2007 rurn,
767 1958 825 1998 turn
841 1945 978 2016 precipue
988 1944 1188 2095 Tremelliiplp·

135 2032 167 2087 rt,
250 2040 347 2094 ugus
367 2034 445 2093 purte
465 2034 545 2094 gutte
567 2025 633 2077 irro-
673 2026 823 2081 otoritstesn
833 2023 1115 2095 nvemi,qstqosm
1176 2052 1187 2066 ·

117 2114 186 2167 rant,
198 2100 237 2155 its
251 2116 283 2157 nt
300 2101 440 2157 osllditstis
454 2104 632 2177 siccitatisque
673 2107 743 2161 riusa
763 2104 926 2159 rustiosmm
943 2120 1034 2159 tersus
1054 2114 1188 2175 precepto

120 2179 212 2234 modus
225 2201 281 2235 non
295 2180 372 2235 desit.
385 2208 396 2230 ι
415 2184 479 2235 llec
491 2183 630 2255 Theophr.
674 2184 753 2239 simul
770 2184 906 2254 eleganter
924 2196 951 2237 et
969 2183 1034 2237 scite
1054 2184 1188 2237 memorie

118 2258 302 2315 Psuoetnatur
313 2262 394 2315 etium
409 2262 569 2315 correctioni
583 2281 632 2316 no·
673 2262 839 2336 prodiderit,
850 2261 975 2317 videlicet
986 2262 1090 2316 illectus
1102 2262 1187 2314 nimio

119 2351 176 2393 stra
184 2340 468 2397 Aristotduodeu'ms
477 2342 631 2396 Problems-
674 2344 766 2397 lsvore
777 2342 939 2414 priscorum,
957 2340 992 2395 de
1007 2340 1089 2395 sisnili
1104 2353 1188 2395 nste-

121 2429 173 2473 tum
186 2433 251 2475 sect.
263 2427 298 2485 4,
315 2434 408 2493 quast.
421 2421 455 2477 3<
474 2446 486 2469 ι
496 2422 633 2487 Provenit,
673 2425 713 2479 ris
724 2422 928 2487 disserentium,
937 2421 1003 2479 tslso
1014 2418 1130 2477 credidit
1139 2439 1187 2492 ps·

120 2498 224 2571 iuquit,
244 2498 338 2555 odoris
359 2500 405 2555 ille
427 2501 553 2566 effectus,
574 2521 628 2557 uon
673 2515 777 2557 rentem
792 2498 1117 2566 omniomserr'sm,sioot
1130 2518 1189 2555 suu·

120 2580 631 2653 qulitercumquesenssten'eshsbest,
672 2583 786 2637 llebrssn
808 2598 919 2646 uren,
945 2592 1022 2635 ueste
1043 2579 1109 2633 soili
1133 2580 1188 2651 jsrn

120 2676 202 2730 seque
223 2661 299 2717 enisu
322 2659 352 2715 in
376 2658 471 2727 viridi,
490 2678 577 2733 neque
602 2662 630 2715 iu
673 2662 838 2724 consectum,
854 2658 1065 2732 progessersndis
1078 2676 1135 2713 esse
1149 2658 1189 2713 ls-

120 2737 262 2804 sridr,sed
272 2741 302 2793 in
316 2752 376 2795 usts
390 2752 450 2811 post
461 2758 556 2811 squaru
572 2759 631 2813 qne
673 2742 746 2797 tibus
762 2740 925 2805 inhabilem,
943 2752 997 2795 ete.
1008 2766 1021 2787 ·
1038 2742 1080 2793 Do
1097 2738 1188 2793 semu

120 2818 190 2873 steni
211 2818 531 2891 superseminantem
553 2818 631 2875 reddi
673 2819 932 2893 Trimellioegiuus
944 2818 1133 2873 inAnctorum
1145 2819 1189 2871 lu·

9 2902 10 2909 ’
120 2898 273 2953 snsritutem
297 2896 389 2955 odoris
413 2911 532 2971 putores
562 2901 631 2955 rele-
676 2900 744 2955 dies.
760 2901 850 2953 Hsnn.

121 2989 189 3033 runt.
199 3003 212 3025 ι
229 2979 532 3033 Ριῐτ.-Ι’σιιηεί1νσ.
542 2980 632 3047 Qusns
717 2998 765 3051 η.
778 2980 866 3051 Operis
880 2978 984 3051 quidese.
1002 2975 1105 3033 enodi
1125 2996 1188 3047 pro·

121 3056 286 3125 potissimum
310 3058 441 3131 VirgilIus
464 3058 573 3125 lsudst,
602 3070 632 3113 nt
674 3058 815 3131 scindique
830 3058 880 3113 soli
895 3057 1048 3113 sscilitssin
1062 3055 1119 3111 sliis
1134 3068 1189 3111 ter·

122 3134 236 3193 disimns
249 3137 333 3209 psnlo
347 3150 439 3204 untes,
457 3164 469 3186 ι
483 3138 564 3193 Unde
580 3140 631 3193 iro
675 3158 768 3195 rurum
777 3137 919 3209 genuinus
930 3156 947 3191 s
958 3138 1024 3192 culo
1037 3133 1145 3207 pendet.
1152 3135 1189 3188 tt.

124 3226 161 3268 tus
176 3217 272 3273 silvam
293 3215 402 3271 derexit
419 3230 517 3282 erutor,
536 3219 571 3273 Et
585 3236 632 3273 ne·
718 3222 765 3274 28.
777 3218 900 3271 Ilbsrtstis
907 3220 979 3271 nitio.
994 3216 1040 3270 Ob
1053 3214 1189 3287 pinguitu-

124 3296 319 3361 conuertit,
333 3308 407 3353 ete·
420 3297 512 3353 Hsun.
675 3297 777 3364 eliceto,
786 3316 845 3369 quse
856 3296 1006 3349 ubertatem
1017 3294 1093 3355 lecit,
1104 3311 1189 3364 quum

162 3380 206 3431 26.
222 3378 317 3448 Opinio
328 3378 633 3450 commentatioque
676 3396 786 3431 vomere
807 3373 956 3441 scinditur,
983 3374 1122 3439 lentescit,
1140 3389 1191 3425 neo

124 3452 257 3511 Tremellii
268 3458 367 3511 Serota
378 3444 557 3530 illorumque,
568 3476 635 3529 quos
675 3458 790 3513 lrisbilis
802 3468 858 3520 est,
870 3456 1043 3527 solubilisque
1057 3455 1086 3509 iu
1099 3452 1192 3525 pulve-

125 3534 269 3591 Coluusells
289 3536 420 3607 appellntt
437 3538 514 3607 cujus
531 3538 633 3607 perele-
678 3556 746 3591 rem.
758 3536 851 3590 Hsnn.

124 3630 184 3681 gens
194 3614 228 3669 de
243 3616 297 3671 hoe
310 3630 467 3687 tegumento
478 3616 564 3669 orstio
575 3628 631 3681 est,
721 3636 768 3686 ²9·
785 3616 817 3669 ln
831 3614 949 3688 Byzacio.
961 3616 1002 3669 De
1017 3634 1050 3667 eo
1060 3616 1116 3686 jsnt
1125 3610 1193 3667 disi·

128 3704 179 3747 tusn
194 3695 222 3749 iu
238 3696 317 3768 prsel'.
333 3698 437 3765 operis,
454 3708 511 3749 tune
526 3696 575 3749 tit.
593 3696 633 3763 11,
678 3696 795 3749 muslib.
807 3694 842 3758 V,
858 3713 916 3766 cup.
930 3694 966 3762 33
987 3693 1036 3748 sed
1050 3694 1089 3747 ihi
1101 3705 1192 3747 cente·

127 3790 181 3843 etp.
196 3792 226 3829 s:
248 3776 393 3842 ·Qusris,
412 3774 514 3847 inquit,
529 3794 561 3829 ex
575 3792 634 3841 sne,
677 3776 745 3830 siens
767 3787 871 3828 tsntusn
891 3774 968 3846 fruge
984 3772 1097 3827 reddere
1116 3773 1192 3827 lenus
1264 3810 1268 3817 -

128 3850 200 3909 Publi
223 3854 342 3922 Silvine,
359 3873 426 3921 cur,
450 3855 540 3927 priore
563 3854 633 3909 libro
679 3868 749 3909 terra
769 3854 869 3908 dicitnr
889 3854 959 3909 torte
977 3852 1122 3917 snendose,
1141 3870 1193 3922 pro

130 3930 251 3991 Veterum
280 3934 436 4006 opinionem
464 3936 547 3989 letne
574 3953 633 3987 osn-
679 3947 790 3989 centens
813 3933 1008 4007 quinquageno.
1029 3933 1124 3999 Quum
1145 3932 1193 3985 lils.

128 4010 263 4086 uinus,qui
273 4013 311 4069 de
323 4014 401 4071 cultu
412 4033 537 4086 agrorum
550 4014 634 4069 locuti
679 4016 776 4068 XVIII
785 4033 862 4085 ,csp.
871 4037 885 4068 s
893 4032 919 4075 t,
937 4040 949 4062 ι
957 4034 974 4068 e
987 4012 1095 4077 modio,
1112 4025 1143 4065 ut
1158 4011 1195 4063 ait

131 4104 197 4159 snut,
214 4111 229 4147 s
248 4094 385 4166 principio
400 4094 538 4149 confestim
554 4112 634 4166 ropu·
679 4096 755 4167 ipse,
774 4095 802 4149 in
825 4094 939 4167 Byucio
962 4093 1060 4147 Attice
1080 4110 1196 4163 cumpo,

1030 4186 1067 4269 2⁴
