2925 5009
343 448 412 521 368
610 444 649 513 C.
677 450 844 521 PLlNll
869 448 977 519 Nar.
1003 451 1133 519 HIST.

339 610 393 654 me
412 585 536 657 deliciis
551 590 640 659 circa
658 570 766 655 ΕΙίιιι6
785 584 818 651 in
833 583 974 669 Achaia,
990 586 1125 679 genito:
1141 588 1332 679 quaternis⁷
1348 586 1400 656 de·

340 693 440 761 nariis
455 694 600 789 scripula
619 678 712 788 ejus⁸
732 704 919 786 permutata
934 689 1137 785 quondam⁹,
1155 706 1195 761 ut
1210 698 1398 789 aun',repe·

339 800 404 887 rio..
429 800 625 871 Linteoruur
651 798 775 893 lanugo
785 794 825 883 ¹⁰,
853 822 871 865 e
893 795 975 866 velis
1001 798 1139 865 navium
1165 802 1396 872 maritimarum

339 904 498 991 maxime,
519 910 553 976 in
574 931 697 1003 magno
713 928 777 973 usu
795 902 967 973 medicinae
981 917 1033 971 est
1049 929 1058 971 ε
1074 917 1109 971 et
1122 906 1207 975 cinis
1220 907 1328 1002 spodii
1341 910 1399 975 vim

338 1010 450 1079 habet.
467 1016 526 1083 Est
544 1027 579 1084 et
592 1016 680 1083 iuter
698 1033 865 1108 papavera
885 1033 990 1105 genus
1008 1010 1226 1105 quoddum¹¹,
1243 1039 1313 1109 quo
1330 1038 1398 1085 cau·

338 1116 453 1187 dorem
474 1118 576 1191 lintea
598 1120 803 1215 proecipuum
821 1115 970 1184 trahunt.

308 1266 319 1301 ι
392 1226 434 1293 V.
452 1228 632 1297 ‘lentatum
651 1238 702 1295 est
718 1224 802 1319 tingi
820 1221 923 1292 linum
942 1246 1093 1316 quoque,
1114 1239 1149 1293 et
1166 1228 1310 1296 vestium
1324 1227 1399 1295 insa·

337 1330 425 1399 niam
460 1335 626 1429 accipere,
654 1334 688 1400 in
720 1328 900 1398 Alexandri
922 1328 1040 1423 Magni
1062 1330 1210 1423 primurn
1233 1331 1398 1411 classibus¹

336 1437 422 1507 lndo
439 1463 538 1509 amne
564 1437 769 1533 navigantis,
797 1459 900 1529 quum
922 1434 1025 1504 duces
1044 1436 1116 1529 ejus
1135 1462 1176 1507 ac
1198 1440 1398 1533 praefecuin

336 1545 516 1615 certamine
542 1544 687 1639 quodam
712 1542 895 1611 variassent
922 1541 1065 1636 insignia
1086 1546 1242 1628 navium3
1271 1559 1398 1639 stupue-

335 1664 479 1745 runtque
499 1650 627 1739 littora,
646 1650 728 1719 flatu
744 1646 957 1717 versicoloria
978 1644 1147 1741 implente.
1174 1648 1262 1720 Velo
1284 1675 1396 1747 purpu-

336 1755 411 1824 reo'
431 1756 472 1825 ad
489 1758 617 1827 Actium
632 1780 707 1827 cum
725 1758 774 1824 Μ.
792 1753 938 1823 Antonio
948 1751 1127 1848 Cleopatra
1142 1758 1255 1843 venit,
1272 1757 1392 1827 eodem

335 1886 400 1955 que
418 1862 545 1957 effugit.
567 1866 641 1933 Hoc
660 1862 722 1931 luit
741 1861 961 1955 imperatorie
980 1862 1075 1929 navis
1094 1864 1235 1956 insigne.

302 2016 314 2051 1
389 1970 447 2037 vl.
471 1972 590 2045 Postea
612 1970 645 2038 in
668 1965 824 2039 theatris'
844 1980 974 2035 tanturn
988 1966 1143 2037 umbram
1162 1968 1295 2039 secere:
1316 1966 1393 2063 quod

335 2186 394 2239 cap.
411 2186 444 2236 9,
458 2186 491 2221 ex
511 2169 606 2221 arbore
626 2170 717 2233 βύσσος
733 2166 847 2238 legitur.
935 2166 1272 2237 animrpapmmgem
1279 2168 1394 2241 quoddam

336 2265 395 2319 qua
409 2244 549 2301 altitudine
564 2247 673 2319 populi,
685 2247 752 2301 lolio
763 2245 850 2301 salicis
891 2242 1075 2310 Heracleum,
1088 2246 1146 2299 sive
1158 2245 1273 2317 ἁφρὸδες
1283 2266 1336 2301 esse
1347 2266 1392 2318 pn·

334 2338 382 2380 est.
397 2324 490 2380 Iliun.
891 2323 1043 2395 tant,qnod
1054 2337 1083 2378 et
1090 2324 1282 2381 radienlnsiw
1290 2328 1392 2381 struthio

375 2403 848 2461 communiscomnunis·
890 2402 978 2456 simile
993 2418 1032 2457 est
1043 2416 1071 2456 et
1085 2423 1176 2459 semen
1193 2406 1273 2460 valde
1285 2408 1391 2461 estlisrti·

333 2485 416 2557 prior.
437 2498 516 2557 negat
538 2487 644 2556 uspiam
668 2498 722 2539 tota
744 2484 847 2539 Gracia
890 2499 955 2535 enm
974 2483 1064 2537 habet.
1080 2485 1146 2556 Ejus
1161 2504 1261 2539 nornen
1276 2486 1390 2539 incutiatis

333 2565 441 2637 byssum
450 2565 537 2631 nasei,
547 2564 634 2619 nisiin
645 2564 710 2619 Eleo
720 2582 786 2636 agro
794 2604 803 2631 ,
812 2562 848 2617 ds
890 2579 989 2615 nomen
1002 2563 1124 2617 meminit
1140 2565 1318 2619 Dioscorides
1332 2568 1388 2619 Dar„

333 2662 387 2716 quo
403 2645 518 2714 egimus,
530 2645 579 2698 lib.
591 2644 642 2707 lv,
656 2662 715 2715 cap.
730 2648 759 2697 6.
771 2645 806 2697 Η.
890 2672 929 2684 ·—
942 2642 992 2693 Est
1002 2654 1026 2693 et
1039 2646 1104 2695 sister
1111 2664 1246 2714 paperem.
1260 2647 1300 2697 De
1311 2644 1388 2697 haere

374 2742 401 2792 7.
415 2726 546 2793 Quatemis
556 2724 847 2783 denariisldonetasno·
889 2717 1009 2773 dicemus
1023 2722 1070 2774 lib.
1083 2723 1137 2775 XX
1148 2762 1156 2791 ,
1167 2743 1229 2796 cap.
1246 2743 1293 2794 79.
1307 2724 1338 2777 u.

333 2803 630 2859 marescotto.
929 2800 966 2853 V.
993 2802 1246 2875 hildemarus.
1270 2804 1386 2857 Aliamt

373 2886 401 2938 8.
415 2880 528 2953 Sci-ipsis
549 2884 608 2955 ejus.
625 2882 705 2937 Libra
728 2880 845 2952 seripula
888 2878 946 2932 vela
954 2882 1385 2953 regiapurpnres,gein1nisetanm

332 2961 451 3015 eontinet
468 2963 533 3017 288.
553 2962 643 3015 Hsau.
888 2958 1046 3027 intertexta,
1060 2962 1159 3033 quibus
1171 2981 1248 3035 reges
1264 2979 1289 3017 et
1302 2961 1384 3015 marni

372 3062 399 3110 9.
412 3040 555 3095 Permutatis
569 3041 698 3111 quondam.
718 3040 844 3093 Priorum
886 3037 1023 3109 principes
1042 3042 1072 3093 in
1090 3043 1144 3095 suis
1164 3043 1269 3113 palatiis
1288 3054 1384 3095 atnntar

332 3120 432 3175 scilicet
445 3118 579 3175 Cassarum
593 3138 668 3184 uvo,
691 3138 748 3191 qno
761 3118 844 3172 dena·
886 3119 1037 3187 suspensis,
1059 3132 1089 3173 nt
1110 3134 1139 3175 et
1160 3122 1280 3176 Attalicis
1300 3120 1382 3175 auleis.

332 3200 388 3253 rius
400 3218 494 3254 aureus
502 3200 633 3271 argenteis
643 3197 845 3270 denariisqnin·
886 3196 1047 3264 herardus,
1058 3200 1167 3254 Varios.
1176 3202 1226 3254 lib.
1234 3204 1332 3272 V,esp.
1344 3217 1380 3251 ιι.

331 3296 384 3351 que
397 3292 425 3333 et
435 3280 529 3351 viginti
549 3278 741 3341 estimabatur,
754 3290 786 3331 ut
800 3274 843 3329 di·
885 3275 1074 3331 Dan-Volo
1082 3281 1382 3352 popmflucoetes

330 3377 421 3415 cernua
438 3358 485 3411 lib.
508 3358 644 3421 XXXIII,
663 3376 722 3429 cap.
741 3355 787 3411 13.
799 3355 843 3409 stc
885 3355 1013 3429 Agrippa
1024 3359 1154 3412 vexillum
1178 3360 1333 3421 ceruleum,
1352 3354 1380 3409 de

235 3440 240 3449 '
330 3438 531 3493 Aurelisniatvo
540 3437 610 3491 libra
618 3437 677 3491 anri
688 3436 757 3489 libra
765 3435 843 3489 serici
885 3453 941 3505 quo
956 3437 1009 3489 Dio
1022 3438 1071 3491 lib.
1091 3440 1144 3504 LI,
1157 3459 1187 3511 p.
1200 3441 1266 3505 458.
1277 3442 1357 3493 Ilun

329 3518 394 3582 luit,
410 3530 438 3571 et
450 3535 516 3571 auro
528 3516 574 3569 fila
590 3516 784 3587 pensabuntur,
799 3514 841 3567 in·
926 3514 976 3569 v1.
994 3535 1018 3569 r.
1042 3517 1132 3570 Postea
1153 3522 1180 3571 s'a
1195 3521 1298 3572 theatro.
1313 3518 1378 3569 nme

329 3596 389 3669 quit
398 3598 531 3669 Vopiscus
542 3596 766 3665 inAnreliano,p.
776 3600 840 3658 asi.
886 3612 989 3648 mosem
1005 3595 1151 3651 inducendi
1161 3600 1220 3651 vela
1230 3596 1330 3652 theatris
1340 3593 1377 3647 de·

331 3677 422 3731 Iliun.
885 3673 1116 3747 scribiteleganter
1124 3673 1376 3741 Lucretius‚tih.1t'‚

371 3773 412 3811 ro.
425 3754 563 3808 Linteorurrs
575 3754 675 3825 lanugo
686 3744 790 3808 (limiam
800 3754 841 3817 ξύ·
885 3771 913 3805 v.
926 3753 962 3824 73
976 3773 985 3809 a
998 3756 1051 3809 ·Et
1062 3756 1144 3826 vulgo
1157 3754 1292 3811 lacinntid
1302 3756 1375 3814 lates,

328 3854 383 3907 αμα
394 3854 401 3887 =
413 3831 485 3888 unde
497 3834 566 3889 finnt
578 3834 644 3898 Εικοὶ
655 3834 725 3905 possi
736 3834 841 3887 Galeno
883 3832 996 3905 aulaque
1010 3835 1082 3900 vela,
1092 3836 1128 3888 Et
1142 3836 1289 3905 iera-agius,
1303 3848 1374 3904 quan

327 3916 383 3980 111,
396 3914 463 3968 sard
470 3916 573 3980 τόποις,
584 3915 612 3967 in
621 3912 746 3969 remediis
756 3914 840 3967 Hera·
883 3914 986 3983 magnis
999 3914 1101 3967 intenta
1113 3915 1222 3969 theatris
1241 3916 1290 3968 Per
1305 3910 1374 3965 nalo*

327 3992 418 4059 elide,
434 4010 494 4064 qun
507 3993 662 4066 sanguiuern
680 3991 809 4047 fluentem
823 4010 838 4045 e
882 3992 988 4063 vulgata
1007 3994 1149 4065 trabesque
1172 3992 1303 4047 trementia
1319 4007 1372 4061 pau·

326 4074 434 4127 naribus
446 4072 550 4127 sistunt.
564 4074 665 4129 Dauo.
881 4068 956 4125 dent.
964 4073 1087 4145 Namque
1096 4073 1134 4127 ihi
1144 4091 1288 4128 comessum
1298 4063 1370 4125 carni
