2925 5009
329 477 400 572 178
583 475 622 543 c.
651 467 825 544 rtrum
852 467 961 544 uir.
991 469 1125 543 ursr.

323 610 366 678 D.
388 606 528 678 Silanus.
550 607 722 702 Sapientes
740 628 823 674 vero
840 601 1058 698 complures,
1085 589 1192 699 quos⁵
1216 617 1385 699 sequentes

321 715 555 809 praetexuimus
575 713 610 780 in
630 711 696 782 boc
717 709 908 799 volumine,
927 735 996 780 non
1014 695 1165 806 ingrate⁶
1187 711 1384 780 nominando

320 823 369 890 M.
383 823 550 904 Varrone,
560 817 882 912 quioctogesimum⁷
896 817 1042 912 primurn
1052 817 1261 887 vitaesnnum
1268 841 1381 911 egens,

286 954 299 988 ι
320 925 361 995 de
380 949 419 994 ea
438 949 473 994 re
492 921 701 1020 prodendum
717 925 859 1019 putarit.
877 912 957 1016 (tv.)
978 921 1079 1015 Apud
1092 925 1264 993 Romanos
1282 922 1384 993 multo

319 1033 423 1102 serior
447 1032 565 1100 vitium
593 1027 724 1100 cultura
746 1051 818 1098 esse
842 1029 953 1124 coepit
974 1029 1168 1123 Primoque,
1190 1043 1230 1098 ut
1256 1053 1385 1100 necesse

318 1152 410 1225 erat,
438 1160 520 1206 arva
545 1149 675 1206 tantum
704 1133 838 1204 coluere
860 1154 870 1196 τ
897 1159 1042 1228 quonun
1065 1134 1161 1204 nobis
1185 1137 1271 1204 ratio
1300 1160 1384 1205 nunc

320 1243 517 1314 tractabitur
530 1266 599 1310 non
613 1239 742 1335 vulgari
760 1239 881 1310 modo:
899 1263 1037 1327 rerum,
1055 1254 1094 1309 ut
1107 1239 1218 1310 adhuc
1232 1240 1384 1326 fecimus,

320 1363 354 1420 et
371 1350 510 1420 vetustis
525 1363 560 1416 et
579 1360 695 1443 postea
714 1347 857 1416 inventis
875 1347 966 1416 omni
985 1370 1067 1416 curs
1087 1347 1301 1447 perquisitis,
1316 1371 1384 1418 cau·

320 1479 421 1549 saque
443 1478 554 1524 rerum
573 1469 607 1522 et
626 1453 755 1522 ratione
774 1449 871 1522 simul
889 1465 996 1522 eruta.
1026 1453 1187 1522 Dicemus
1208 1465 1244 1520 et
1262 1452 1384 1539 sida-a,

189 1573 198 1590 ·
320 1562 530 1654 siderumque
547 1560 695 1656 ipsorum
719 1559 888 1628 terrestria
906 1561 1000 1653 signa
1016 1557 1169 1628 dabimus
1182 1556 1382 1628 indubitata:

317 1666 585 1760 quandoquidem
607 1667 665 1760 qui
691 1664 803 1735 adbuc
826 1687 865 1734 ea
883 1663 1074 1758 diligentius
1094 1677 1302 1752 tractavere,
1321 1665 1385 1760 qui

318 1757 453 1842 busvis⁸
470 1772 601 1866 potius,
619 1794 719 1865 quarn
739 1767 915 1865 agricolis,
934 1771 1104 1865 scripsisse
1119 1784 1263 1864 possunt
1274 1770 1381 1840 videri.

285 1902 297 1936 ι
371 1878 432 1944 VI.
461 1877 510 1944 Ac
524 1876 668 1970 primum
683 1878 833 1945 omnium
850 1873 992 1944 oraculis
1006 1874 1133 1969 majore
1149 1899 1191 1944 ex
1208 1889 1306 1970 parte
1318 1901 1383 1971 age

319 2006 413 2070 mus,
435 2005 508 2075 quae
523 2005 592 2049 non
611 1983 644 2050 in
665 1977 730 2050 alio
749 1981 825 2050 vitae
845 2005 967 2075 genere
985 1979 1081 2075 plura
1097 1982 1284 2052 certiorare
1302 1997 1380 2052 sunt

318 2091 390 2159 Cur
403 2089 492 2157 euim
511 2111 579 2156 non
592 2085 769 2157 rideantur
787 2084 941 2173 oracula,
959 2112 978 2156 a
994 2085 1200 2157 certissimo¹
1222 2087 1278 2158 die
1292 2089 1383 2158 maxi

319 2218 438 2288 meque
456 2192 605 2262 veridico
616 2216 678 2260 usu
691 2189 868 2286 profecte?
883 2193 1087 2288 Principium
1100 2207 1213 2263 autem
1227 2219 1247 2264 a
1260 2197 1382 2266 Catone

286 2323 301 2357 ²
321 2321 498 2368 sumemus.
519 2286 594 2389 (v)
610 2294 812 2366 Fortissimi²
827 2297 890 2365 viri
913 2311 947 2366 et
970 2297 1089 2368 milites
1111 2300 1330 2371 strenuissimi
1347 2323 1383 2369 er

320 2403 470 2502 agricolis
481 2388 695 2500 gignuntur³,
708 2403 911 2499 minimeque
920 2402 1007 2473 male
1017 2405 1210 2500 cogitantes
1226 2407 1381 2479 Prmdium

361 2585 388 2638 5.
402 2585 470 2654 Quos
484 2595 612 2657 sequentes.
632 2583 689 2648 Qui
707 2584 832 2655 priorum
874 2583 1118 2656 ligam,nntequam
1127 2585 1378 2655 pmsctwsvsm.

321 2677 442 2736 tempora
455 2663 610 2734 subsequuti
621 2676 699 2728 suut,
711 2681 833 2734 quosque
874 2665 906 2716 In
915 2680 970 2734 quo
977 2663 1108 2716 Varronis
1114 2664 1175 2718 loco
1184 2665 1382 2721 unitstisustan

319 2743 400 2815 bajus
415 2742 505 2815 operis
526 2743 602 2796 initio
618 2743 832 2813 appellavimus,
874 2741 1002 2797 excidisse
1016 2761 1032 2796 e
1044 2761 1158 2797 numero
1174 2761 1308 2800 aunoeum
1320 2748 1381 2798 vir·

319 2840 417 2893 nempe
428 2822 505 2876 lib.1.
516 2823 549 2874 In
561 2821 638 2875 MSS.
651 2823 718 2893 lleg.
732 2841 763 2886 s,
774 2839 834 2893 quos
874 2821 964 2887 sonis,
973 2823 1050 2876 Fulr.
1059 2823 1211 2878 Ursinusin
1220 2836 1291 2880 nott.
1301 2844 1331 2899 p.
1345 2842 1381 2888 ro,

294 2929 299 2938 ·
319 2919 480 2972 squamus,
499 2901 631 2972 scriptura
644 2899 715 2953 baud
728 2900 834 2971 penitus
875 2915 947 2956 recte
959 2901 1106 2957 admonuit.
1125 2901 1218 2958 llum.

319 2978 508 3052 imprcbsnda.
521 2979 613 3034 llum
623 3009 663 3020 -
679 2980 833 3045 Broterius,
916 2982 945 3035 8.
962 2981 1091 3052 Quibusvr's
1101 2987 1192 3053 potem
1205 2981 1252 3036 Sic
1265 3001 1301 3036 ex
1313 2981 1379 3037 libb

320 3079 378 3132 pecs
392 3077 554 3132 sequeremur,
563 3077 596 3112 ex
606 3057 667 3111 MS.
679 3060 711 3112 lt.
723 3078 738 3113 s
745 3096 754 3121 .
767 3059 831 3114 edit.
874 3058 1027 3114 emendarit
1036 3060 1119 3115 Hasd.
1127 3061 1381 3134 qmbmocomoettu

319 3140 443 3212 principe
456 3151 483 3193 et
495 3138 638 3192 Reazonic.
651 3137 704 3192 En.
872 3142 955 3210 potios
964 3139 1085 3194 Gronov.
1099 3153 1126 3194 et
1139 3142 1179 3194 ΑΙ.
1194 3141 1248 3196 Eo·

361 3222 389 3274 6.
402 3219 462 3273 Nor
476 3221 581 3288 ingrate.
599 3219 639 3270 Ex
660 3216 766 3272 infinito
780 3235 833 3276 nu,-
915 3221 966 3273 vt.
988 3237 1012 3272 r.
1029 3219 1167 3272 Certissrino
1177 3221 1227 3275 die.
1246 3221 1318 3276 Nam
1331 3218 1381 3276 (lits

320 3316 395 3352 mero
407 3298 521 3352 libenter
542 3298 695 3350 Varronem
713 3297 833 3369 appella·
875 3315 953 3352 usum
968 3299 1065 3363 affert,
1077 3299 1124 3371 qui
1136 3299 1257 3371 optimus
1266 3301 1380 3356 omnim

246 3376 253 3389 '
319 3396 388 3430 mus.
399 3379 431 3430 ln
445 3377 504 3432 MS.
521 3378 585 3446 Reg.
600 3393 695 3440 s,rron
706 3379 732 3427 r'rs
746 3395 831 3446 grege,
874 3389 915 3432 est
927 3377 1059 3447 magister.
1070 3379 1150 3432 MSS.
1163 3396 1271 3438 omnes,
1283 3381 1380 3444 dime-

320 3457 395 3528 qussi
415 3469 488 3510 estre
511 3473 618 3528 gregem
644 3454 834 3522 nominando,
875 3469 934 3511 cte:
945 3475 1017 3522 non,
1029 3457 1089 3521 deo,
1104 3470 1134 3511 ut
1144 3455 1238 3528 Lipsio
1250 3458 1379 3514 rhombi

320 3535 382 3606 quia
395 3534 538 3590 antecellit.
555 3533 645 3588 narn.
874 3535 943 3588 benc
965 3535 1122 3590 sententiam
1137 3535 1247 3592 Colum.
1264 3539 1380 3610 egregie,

362 3633 388 3684 7.
412 3613 591 3684 octogesimum
607 3616 720 3684 primum.
744 3615 833 3666 Varro
873 3614 923 3669 lib.
933 3614 962 3679 1,
973 3633 1033 3686 esp.
1047 3633 1101 3670 r:-
1110 3616 1182 3670 Usus
1189 3627 1220 3671 et
1226 3617 1379 3690 erpeinus

320 3694 407 3747 statim
422 3692 523 3764 inipso
534 3692 623 3766 operis
634 3711 788 3765 progressu,
798 3689 833 3746 tle
874 3692 1047 3748 dominatur
1065 3695 1236 3751 inertibus:
1247 3716 1335 3771 nsque
1346 3708 1380 3750 est

320 3773 360 3826 lle
370 3772 445 3828 Rust.
457 3772 506 3824 lib.
517 3773 545 3839 1,
555 3791 614 3844 cap.
630 3790 642 3827 r
656 3791 664 3827 :
676 3797 688 3822 ι
700 3772 834 3845 cogitem,
874 3772 1134 3845 alladisciplins‚in
1148 3794 1379 3851 quampsoras·

320 3851 424 3924 inquit,
443 3868 500 3906 esse
521 3850 741 3924 propersndum,
756 3849 832 3924 qood
874 3850 911 3906 do
924 3851 1144 3917 discetunetc.»
1161 3855 1254 3910 Hinc.

320 3921 331 3992 l
343 3926 528 3994 utdieitur)si
544 3943 584 3987 sst
598 3932 681 3986 bomo
691 3931 783 3993 bulla,
797 3947 831 3984 so
917 3951 942 3986 s.
958 3933 1105 3988 Fortissisu'.
1119 3933 1184 3988 Huc
1196 3933 1378 4008 Ceso’upnl.

319 4010 403 4081 magis
412 4027 501 4064 senex.
511 4013 605 4066 Annus
617 4011 689 4066 euim
704 4010 832 4082 octogesi·
873 4011 937 4066 libri
949 4009 984 4064 de
997 4013 1036 4065 lte
1048 4013 1124 4066 llust
1137 4012 1227 4068 Ham.

317 4107 377 4144 mus
390 4086 517 4144 admonet
530 4109 591 4156 me,
602 4104 633 4146 ut
647 4091 764 4146 ssrciuas
773 4089 830 4144 col-
915 4089 942 4144 3.
955 4091 998 4154 Es
1012 4093 1127 4163 agmcols's
1139 4095 1286 4165 giguntur.
1299 4097 1375 4160 Cato,
