<?xml version="1.0" encoding="UTF-8"?>
<!DOCTYPE html PUBLIC "-//W3C//DTD XHTML 1.0 Transitional//EN"
    "http://www.w3.org/TR/xhtml1/DTD/xhtml1-transitional.dtd">
<html xmlns="http://www.w3.org/1999/xhtml" xml:lang="en" lang="en">
 <head>
  <title>
</title>
<meta http-equiv="Content-Type" content="text/html;charset=utf-8" />
  <meta name='ocr-system' content='tesseract 3.04.00' />
  <meta name='ocr-capabilities' content='ocr_page ocr_carea ocr_par ocr_line ocrx_word'/>
</head>
<body>
  <div class='ocr_page' id='page_1' title='image "./caiipliniisecun02unkngoog_0298.png"; bbox 0 0 2925 5009; ppageno 0'>
   <div class='ocr_carea' id='block_1_1' title="bbox 440 453 1140 528">
    <p class='ocr_par' dir='ltr' id='par_1_1' title="bbox 440 453 1140 528">
     <span class='ocr_line' id='line_1_1' title="bbox 440 453 1140 528; baseline 0.001 -3"><span class='ocrx_word' id='word_1_1' title='bbox 440 457 592 526; x_wconf 87' lang='lat' dir='ltr'><strong>LIBER</strong></span> <span class='ocrx_word' id='word_1_2' title='bbox 617 457 770 528; x_wconf 87' lang='lat' dir='ltr'>xv111.</span> <span class='ocrx_word' id='word_1_3' title='bbox 1072 453 1140 528; x_wconf 76' lang='lat'><strong>285</strong></span> 
     </span>
    </p>
   </div>
   <div class='ocr_carea' id='block_1_2' title="bbox 32 589 1174 2066">
    <p class='ocr_par' dir='ltr' id='par_1_2' title="bbox 32 589 1174 2066">
     <span class='ocr_line' id='line_1_2' title="bbox 87 589 1142 686; baseline 0 -26"><span class='ocrx_word' id='word_1_4' title='bbox 87 591 239 686; x_wconf 78' lang='lat' dir='ltr'><strong>AEgyptia‚</strong></span> <span class='ocrx_word' id='word_1_5' title='bbox 261 593 395 661; x_wconf 78' lang='lat' dir='ltr'><strong>Graeca.</strong></span> <span class='ocrx_word' id='word_1_6' title='bbox 420 591 480 660; x_wconf 89' lang='lat' dir='ltr'><strong>His</strong></span> <span class='ocrx_word' id='word_1_7' title='bbox 506 589 632 661; x_wconf 83' lang='lat' dir='ltr'><strong>addidit</strong></span> <span class='ocrx_word' id='word_1_8' title='bbox 655 589 745 686; x_wconf 87' lang='lat' dir='ltr'><strong>apud</strong></span> <span class='ocrx_word' id='word_1_9' title='bbox 767 613 830 658; x_wconf 92' lang='lat' dir='ltr'><strong>nos</strong></span> <span class='ocrx_word' id='word_1_10' title='bbox 852 603 1005 686; x_wconf 84' lang='lat' dir='ltr'><strong>quartam</strong></span> <span class='ocrx_word' id='word_1_11' title='bbox 1029 591 1142 660; x_wconf 61' lang='lat' dir='ltr'><strong>Cesar</strong></span> 
     </span>
     <span class='ocr_line' id='line_1_3' title="bbox 84 683 1139 791; baseline 0 -25"><span class='ocrx_word' id='word_1_12' title='bbox 84 683 250 780; x_wconf 82' lang='lat' dir='ltr'><strong>dictator¹⁵,</strong></span> <span class='ocrx_word' id='word_1_13' title='bbox 272 721 384 766; x_wconf 87' lang='lat' dir='ltr'><strong>annos</strong></span> <span class='ocrx_word' id='word_1_14' title='bbox 403 695 447 766; x_wconf 85' lang='lat' dir='ltr'><strong>ad</strong></span> <span class='ocrx_word' id='word_1_15' title='bbox 466 694 544 767; x_wconf 88' lang='lat' dir='ltr'><strong>solis</strong></span> <span class='ocrx_word' id='word_1_16' title='bbox 563 720 698 766; x_wconf 88' lang='lat' dir='ltr'><strong>cursum</strong></span> <span class='ocrx_word' id='word_1_17' title='bbox 721 695 874 790; x_wconf 87' lang='lat' dir='ltr'><strong>redigens</strong></span> <span class='ocrx_word' id='word_1_18' title='bbox 894 693 1060 791; x_wconf 84' lang='lat' dir='ltr'><strong>singulos,</strong></span> <span class='ocrx_word' id='word_1_19' title='bbox 1077 698 1139 766; x_wconf 74' lang='lat' dir='ltr'><strong>So</strong></span> 
     </span>
     <span class='ocr_line' id='line_1_4' title="bbox 84 801 1174 898; baseline 0.003 -28"><span class='ocrx_word' id='word_1_20' title='bbox 84 804 179 897; x_wconf 87' lang='lat' dir='ltr'><strong>sigene</strong></span> <span class='ocrx_word' id='word_1_21' title='bbox 191 805 300 898; x_wconf 89' lang='lat' dir='ltr'><strong>perito</strong></span> <span class='ocrx_word' id='word_1_22' title='bbox 317 803 466 874; x_wconf 76' lang='lat' dir='ltr'><strong>scientiae</strong></span> <span class='ocrx_word' id='word_1_23' title='bbox 478 803 548 897; x_wconf 90' lang='lat' dir='ltr'><strong>ejus</strong></span> <span class='ocrx_word' id='word_1_24' title='bbox 559 801 717 872; x_wconf 86' lang='lat' dir='ltr'><strong>adhibito.</strong></span> <span class='ocrx_word' id='word_1_25' title='bbox 730 805 775 872; x_wconf 85' lang='lat' dir='ltr'><strong>Et</strong></span> <span class='ocrx_word' id='word_1_26' title='bbox 783 826 824 871; x_wconf 80' lang='lat' dir='ltr'><strong>aa</strong></span> <span class='ocrx_word' id='word_1_27' title='bbox 838 805 910 898; x_wconf 89' lang='lat' dir='ltr'><strong>ipsa</strong></span> <span class='ocrx_word' id='word_1_28' title='bbox 923 804 1009 872; x_wconf 88' lang='lat' dir='ltr'><strong>ratio</strong></span> <span class='ocrx_word' id='word_1_29' title='bbox 1024 817 1140 897; x_wconf 84' lang='lat' dir='ltr'><strong>postea</strong></span> <span class='ocrx_word' id='word_1_30' title='bbox 1158 821 1174 872; x_wconf 78' lang='lat' dir='ltr'><strong>s</strong></span> 
     </span>
     <span class='ocr_line' id='line_1_5' title="bbox 84 894 1143 1004; baseline 0.002 -26"><span class='ocrx_word' id='word_1_31' title='bbox 84 923 238 1004; x_wconf 88' lang='lat' dir='ltr'><strong>comperto</strong></span> <span class='ocrx_word' id='word_1_32' title='bbox 252 933 374 980; x_wconf 88' lang='lat' dir='ltr'><strong>errore</strong></span> <span class='ocrx_word' id='word_1_33' title='bbox 382 894 406 934; x_wconf 83' lang='lat'><strong>¹⁶</strong></span> <span class='ocrx_word' id='word_1_34' title='bbox 424 922 574 980; x_wconf 87' lang='lat' dir='ltr'><strong>correcta</strong></span> <span class='ocrx_word' id='word_1_35' title='bbox 593 923 665 984; x_wconf 86' lang='lat' dir='ltr'><strong>est:</strong></span> <span class='ocrx_word' id='word_1_36' title='bbox 685 911 732 978; x_wconf 87' lang='lat' dir='ltr'><strong>ita</strong></span> <span class='ocrx_word' id='word_1_37' title='bbox 749 923 789 978; x_wconf 92' lang='lat' dir='ltr'><strong>ut</strong></span> <span class='ocrx_word' id='word_1_38' title='bbox 804 933 856 979; x_wconf 84' lang='lat' dir='ltr'><strong>xrs</strong></span> <span class='ocrx_word' id='word_1_39' title='bbox 868 911 964 978; x_wconf 89' lang='lat' dir='ltr'><strong>annis</strong></span> <span class='ocrx_word' id='word_1_40' title='bbox 977 909 1143 980; x_wconf 90' lang='lat' dir='ltr'><strong>continuis</strong></span> 
     </span>
     <span class='ocr_line' id='line_1_6' title="bbox 83 1015 1143 1112; baseline 0.003 -31"><span class='ocrx_word' id='word_1_41' title='bbox 83 1039 139 1082; x_wconf 95' lang='lat' dir='ltr'><strong>non</strong></span> <span class='ocrx_word' id='word_1_42' title='bbox 152 1015 423 1102; x_wconf 81' lang='lat' dir='ltr'><strong>intercalaretur,</strong></span> <span class='ocrx_word' id='word_1_43' title='bbox 432 1017 510 1110; x_wconf 86' lang='lat' dir='ltr'><strong>quia</strong></span> <span class='ocrx_word' id='word_1_44' title='bbox 522 1029 668 1112; x_wconf 73' lang='lat' dir='ltr'><strong>caeperat</strong></span> <span class='ocrx_word' id='word_1_45' title='bbox 679 1015 788 1084; x_wconf 88' lang='lat' dir='ltr'><strong>sidera</strong></span> <span class='ocrx_word' id='word_1_46' title='bbox 803 1038 910 1085; x_wconf 84' lang='lat' dir='ltr'><strong>annus</strong></span> <span class='ocrx_word' id='word_1_47' title='bbox 923 1015 1068 1099; x_wconf 84' lang='lat' dir='ltr'><strong>morari,</strong></span> <span class='ocrx_word' id='word_1_48' title='bbox 1086 1017 1143 1110; x_wconf 90' lang='lat' dir='ltr'><strong>qui</strong></span> 
     </span>
     <span class='ocr_line' id='line_1_7' title="bbox 82 1121 1140 1218; baseline 0.001 -29"><span class='ocrx_word' id='word_1_49' title='bbox 82 1122 161 1213; x_wconf 88' lang='lat' dir='ltr'><strong>prius</strong></span> <span class='ocrx_word' id='word_1_50' title='bbox 178 1121 411 1192; x_wconf 84' lang='lat' dir='ltr'><strong>antecedebat</strong></span> <span class='ocrx_word' id='word_1_51' title='bbox 434 1125 479 1191; x_wconf 90' lang='lat' dir='ltr'><strong>Et</strong></span> <span class='ocrx_word' id='word_1_52' title='bbox 489 1123 664 1218; x_wconf 83' lang='lat' dir='ltr'><strong>Sosigenes</strong></span> <span class='ocrx_word' id='word_1_53' title='bbox 685 1122 757 1216; x_wconf 87' lang='lat' dir='ltr'><strong>ipse</strong></span> <span class='ocrx_word' id='word_1_54' title='bbox 773 1121 868 1192; x_wconf 86' lang='lat' dir='ltr'><strong>trinis</strong></span> <span class='ocrx_word' id='word_1_55' title='bbox 885 1123 1140 1192; x_wconf 87' lang='lat' dir='ltr'><strong>commentatio·</strong></span> 
     </span>
     <span class='ocr_line' id='line_1_8' title="bbox 81 1226 1141 1324; baseline 0.004 -32"><span class='ocrx_word' id='word_1_56' title='bbox 81 1226 184 1313; x_wconf 88' lang='lat' dir='ltr'><strong>nibus,</strong></span> <span class='ocrx_word' id='word_1_57' title='bbox 199 1253 395 1324; x_wconf 79' lang='lat' dir='ltr'><strong>quanquam</strong></span> <span class='ocrx_word' id='word_1_58' title='bbox 413 1226 602 1324; x_wconf 82' lang='lat' dir='ltr'><strong>diligentior</strong></span> <span class='ocrx_word' id='word_1_59' title='bbox 619 1228 764 1314; x_wconf 77' lang='lat' dir='ltr'><strong>caeteris,</strong></span> <span class='ocrx_word' id='word_1_60' title='bbox 791 1251 860 1296; x_wconf 91' lang='lat' dir='ltr'><strong>non</strong></span> <span class='ocrx_word' id='word_1_61' title='bbox 875 1230 1017 1298; x_wconf 84' lang='lat' dir='ltr'><strong>cessavit</strong></span> <span class='ocrx_word' id='word_1_62' title='bbox 1029 1242 1141 1297; x_wconf 86' lang='lat' dir='ltr'><strong>tamen</strong></span> 
     </span>
     <span class='ocr_line' id='line_1_9' title="bbox 82 1331 1141 1430; baseline 0.004 -32"><span class='ocrx_word' id='word_1_63' title='bbox 82 1331 281 1417; x_wconf 84' lang='lat' dir='ltr'><strong>addubitare,</strong></span> <span class='ocrx_word' id='word_1_64' title='bbox 293 1337 368 1430; x_wconf 86' lang='lat' dir='ltr'><strong>ipsc</strong></span> <span class='ocrx_word' id='word_1_65' title='bbox 382 1348 487 1404; x_wconf 88' lang='lat' dir='ltr'><strong>semet</strong></span> <span class='ocrx_word' id='word_1_66' title='bbox 497 1333 708 1428; x_wconf 88' lang='lat' dir='ltr'><strong>corrigendo.</strong></span> <span class='ocrx_word' id='word_1_67' title='bbox 718 1336 882 1404; x_wconf 73' lang='lat' dir='ltr'><strong>ductores</strong></span> <span class='ocrx_word' id='word_1_68' title='bbox 894 1332 1073 1429; x_wconf 78' lang='lat' dir='ltr'><strong>prodidere</strong></span> <span class='ocrx_word' id='word_1_69' title='bbox 1084 1357 1141 1419; x_wconf 87' lang='lat' dir='ltr'><strong>ea,</strong></span> 
     </span>
     <span class='ocr_line' id='line_1_10' title="bbox 81 1437 1143 1534; baseline 0.004 -29"><span class='ocrx_word' id='word_1_70' title='bbox 81 1463 151 1531; x_wconf 83' lang='lat' dir='ltr'><strong>qnos</strong></span> <span class='ocrx_word' id='word_1_71' title='bbox 170 1443 411 1534; x_wconf 73' lang='lat' dir='ltr'><strong>praetexuimus</strong></span> <span class='ocrx_word' id='word_1_72' title='bbox 422 1439 446 1479; x_wconf 87' lang='lat'><strong>¹⁷</strong></span> <span class='ocrx_word' id='word_1_73' title='bbox 469 1438 628 1510; x_wconf 88' lang='lat' dir='ltr'><strong>volumini</strong></span> <span class='ocrx_word' id='word_1_74' title='bbox 647 1439 745 1526; x_wconf 89' lang='lat' dir='ltr'><strong>huic,</strong></span> <span class='ocrx_word' id='word_1_75' title='bbox 763 1463 841 1508; x_wconf 86' lang='lat' dir='ltr'><strong>raro</strong></span> <span class='ocrx_word' id='word_1_76' title='bbox 861 1437 961 1510; x_wconf 88' lang='lat' dir='ltr'><strong>ullius</strong></span> <span class='ocrx_word' id='word_1_77' title='bbox 980 1440 1143 1510; x_wconf 83' lang='lat' dir='ltr'><strong>sententia</strong></span> 
     </span>
     <span class='ocr_line' id='line_1_11' title="bbox 83 1543 1143 1642; baseline 0.004 -31"><span class='ocrx_word' id='word_1_78' title='bbox 83 1569 146 1613; x_wconf 90' lang='lat' dir='ltr'><strong>cum</strong></span> <span class='ocrx_word' id='word_1_79' title='bbox 160 1545 222 1617; x_wconf 86' lang='lat' dir='ltr'><strong>alio</strong></span> <span class='ocrx_word' id='word_1_80' title='bbox 241 1561 463 1642; x_wconf 83' lang='lat' dir='ltr'><strong>congruente.</strong></span> <span class='ocrx_word' id='word_1_81' title='bbox 481 1547 594 1616; x_wconf 88' lang='lat' dir='ltr'><strong>Minus</strong></span> <span class='ocrx_word' id='word_1_82' title='bbox 611 1545 678 1616; x_wconf 88' lang='lat' dir='ltr'><strong>hoc</strong></span> <span class='ocrx_word' id='word_1_83' title='bbox 698 1547 733 1619; x_wconf 85' lang='lat' dir='ltr'><strong>iu</strong></span> <span class='ocrx_word' id='word_1_84' title='bbox 752 1543 886 1640; x_wconf 89' lang='lat' dir='ltr'><strong>reliquis</strong></span> <span class='ocrx_word' id='word_1_85' title='bbox 901 1547 1043 1630; x_wconf 85' lang='lat' dir='ltr'><strong>mirum,</strong></span> <span class='ocrx_word' id='word_1_86' title='bbox 1059 1570 1143 1640; x_wconf 89' lang='lat' dir='ltr'><strong>quos</strong></span> 
     </span>
     <span class='ocr_line' id='line_1_12' title="bbox 82 1649 1144 1747; baseline 0.003 -30"><span class='ocrx_word' id='word_1_87' title='bbox 82 1649 186 1721; x_wconf 78' lang='lat' dir='ltr'><strong>diversi</strong></span> <span class='ocrx_word' id='word_1_88' title='bbox 199 1655 438 1722; x_wconf 79' lang='lat' dir='ltr'><strong>excusaverint</strong></span> <span class='ocrx_word' id='word_1_89' title='bbox 456 1665 590 1723; x_wconf 84' lang='lat' dir='ltr'><strong>tractus.</strong></span> <span class='ocrx_word' id='word_1_90' title='bbox 612 1653 738 1722; x_wconf 76' lang='grc' dir='ltr'>Εοωιιι</span> <span class='ocrx_word' id='word_1_91' title='bbox 759 1652 869 1746; x_wconf 85' lang='lat' dir='ltr'><strong>quiin</strong></span> <span class='ocrx_word' id='word_1_92' title='bbox 881 1652 997 1722; x_wconf 87' lang='lat' dir='ltr'><strong>eadem</strong></span> <span class='ocrx_word' id='word_1_93' title='bbox 1009 1653 1144 1747; x_wconf 83' lang='lat' dir='ltr'><strong>regione</strong></span> 
     </span>
     <span class='ocr_line' id='line_1_13' title="bbox 83 1753 1142 1854; baseline 0 -26"><span class='ocrx_word' id='word_1_94' title='bbox 83 1753 230 1828; x_wconf 74' lang='lat' dir='ltr'><strong>dssadne</strong></span> <span class='ocrx_word' id='word_1_95' title='bbox 242 1813 252 1845; x_wconf 93' lang='lat'>‚</span> <span class='ocrx_word' id='word_1_96' title='bbox 266 1785 374 1828; x_wconf 87' lang='lat' dir='ltr'><strong>unam</strong></span> <span class='ocrx_word' id='word_1_97' title='bbox 391 1757 589 1830; x_wconf 77' lang='lat' dir='ltr'><strong>discordiam</strong></span> <span class='ocrx_word' id='word_1_98' title='bbox 608 1782 773 1853; x_wconf 88' lang='lat' dir='ltr'><strong>ponemus</strong></span> <span class='ocrx_word' id='word_1_99' title='bbox 790 1756 933 1854; x_wconf 82' lang='lat' dir='ltr'><strong>exempli</strong></span> <span class='ocrx_word' id='word_1_100' title='bbox 946 1759 1070 1852; x_wconf 82' lang='lat' dir='ltr'><strong>gratia:</strong></span> <span class='ocrx_word' id='word_1_101' title='bbox 1086 1781 1142 1828; x_wconf 82' lang='lat' dir='ltr'><strong>oc·</strong></span> 
     </span>
     <span class='ocr_line' id='line_1_14' title="bbox 84 1858 1142 1960; baseline 0.004 -30"><span class='ocrx_word' id='word_1_102' title='bbox 84 1885 180 1934; x_wconf 75' lang='lat' dir='ltr'><strong>cisum</strong></span> <span class='ocrx_word' id='word_1_103' title='bbox 197 1867 404 1934; x_wconf 89' lang='lat' dir='ltr'><strong>matutinum</strong></span> <span class='ocrx_word' id='word_1_104' title='bbox 414 1862 639 1960; x_wconf 86' lang='lat' dir='ltr'><strong>Vergiliarum</strong></span> <span class='ocrx_word' id='word_1_105' title='bbox 654 1862 819 1934; x_wconf 81' lang='lat' dir='ltr'><strong>Hesiodus</strong></span> <span class='ocrx_word' id='word_1_106' title='bbox 832 1858 932 1952; x_wconf 86' lang='lat' dir='ltr'><strong>(nam</strong></span> <span class='ocrx_word' id='word_1_107' title='bbox 946 1864 1047 1959; x_wconf 89' lang='lat' dir='ltr'><strong>hujus</strong></span> <span class='ocrx_word' id='word_1_108' title='bbox 1060 1887 1142 1958; x_wconf 87' lang='lat' dir='ltr'><strong>quo·</strong></span> 
     </span>
     <span class='ocr_line' id='line_1_15' title="bbox 32 1956 1144 2066; baseline 0.002 -28"><span class='ocrx_word' id='word_1_109' title='bbox 32 2021 33 2026; x_wconf 33' lang='lat'>1</span> <span class='ocrx_word' id='word_1_110' title='bbox 84 1991 137 2060; x_wconf 84' lang='lat' dir='ltr'><strong>quc</strong></span> <span class='ocrx_word' id='word_1_111' title='bbox 161 1974 295 2040; x_wconf 87' lang='lat' dir='ltr'><strong>nornine</strong></span> <span class='ocrx_word' id='word_1_112' title='bbox 330 1984 439 2042; x_wconf 87' lang='lat' dir='ltr'><strong>exstat</strong></span> <span class='ocrx_word' id='word_1_113' title='bbox 467 1968 653 2066; x_wconf 83' lang='lat' dir='ltr'><strong>Astrologia</strong></span> <span class='ocrx_word' id='word_1_114' title='bbox 666 1956 712 2061; x_wconf 79' lang='lat'><strong>¹⁸)</strong></span> <span class='ocrx_word' id='word_1_115' title='bbox 745 1969 881 2040; x_wconf 82' lang='lat' dir='ltr'><strong>tradidit</strong></span> <span class='ocrx_word' id='word_1_116' title='bbox 911 1969 1011 2056; x_wconf 84' lang='lat' dir='ltr'><strong>lieri,</strong></span> <span class='ocrx_word' id='word_1_117' title='bbox 1039 1994 1144 2066; x_wconf 87' lang='lat' dir='ltr'><strong>quum</strong></span> 
     </span>
    </p>
   </div>
   <div class='ocr_carea' id='block_1_3' title="bbox 86 2183 1153 4170">
    <p class='ocr_par' dir='ltr' id='par_1_3' title="bbox 86 2183 1147 3054">
     <span class='ocr_line' id='line_1_16' title="bbox 121 2183 1144 2258; baseline 0.003 -19"><span class='ocrx_word' id='word_1_118' title='bbox 121 2187 158 2240; x_wconf 80' lang='lat'><strong>1⁵.</strong></span> <span class='ocrx_word' id='word_1_119' title='bbox 175 2186 259 2242; x_wconf 71' lang='lat' dir='ltr'><strong>Cesar</strong></span> <span class='ocrx_word' id='word_1_120' title='bbox 273 2189 392 2244; x_wconf 79' lang='lat' dir='ltr'><strong>dictator.</strong></span> <span class='ocrx_word' id='word_1_121' title='bbox 404 2189 547 2244; x_wconf 83' lang='lat' dir='ltr'><strong>Suetonius</strong></span> <span class='ocrx_word' id='word_1_122' title='bbox 559 2189 586 2242; x_wconf 89' lang='lat' dir='ltr'><strong>in</strong></span> <span class='ocrx_word' id='word_1_123' title='bbox 631 2187 760 2258; x_wconf 78' lang='lat' dir='ltr'><strong>deberent</strong></span> <span class='ocrx_word' id='word_1_124' title='bbox 787 2187 936 2242; x_wconf 79' lang='lat' dir='ltr'><strong>intercalari</strong></span> <span class='ocrx_word' id='word_1_125' title='bbox 961 2205 1068 2241; x_wconf 83' lang='lat' dir='ltr'><strong>norem.</strong></span> <span class='ocrx_word' id='word_1_126' title='bbox 1091 2183 1144 2242; x_wconf 74' lang='lat' dir='ltr'><strong>Sed</strong></span> 
     </span>
     <span class='ocr_line' id='line_1_17' title="bbox 87 2263 1144 2348; baseline 0.001 -29"><span class='ocrx_word' id='word_1_127' title='bbox 87 2265 161 2330; x_wconf 80' lang='lat' dir='ltr'><strong>lulio,</strong></span> <span class='ocrx_word' id='word_1_128' title='bbox 172 2287 227 2340; x_wconf 87' lang='lat' dir='ltr'><strong>cap.</strong></span> <span class='ocrx_word' id='word_1_129' title='bbox 250 2289 304 2324; x_wconf 79' lang='lat' dir='ltr'><strong>sn:</strong></span> <span class='ocrx_word' id='word_1_130' title='bbox 322 2269 435 2323; x_wconf 78' lang='lat' dir='ltr'><strong>«Festos</strong></span> <span class='ocrx_word' id='word_1_131' title='bbox 454 2269 586 2348; x_wconf 70' lang='lat' dir='ltr'><strong>correxit,</strong></span> <span class='ocrx_word' id='word_1_132' title='bbox 630 2267 826 2340; x_wconf 81' lang='lat' dir='ltr'><strong>huncquoque</strong></span> <span class='ocrx_word' id='word_1_133' title='bbox 842 2285 960 2320; x_wconf 85' lang='lat' dir='ltr'><strong>errorem</strong></span> <span class='ocrx_word' id='word_1_134' title='bbox 974 2285 1034 2320; x_wconf 85' lang='lat' dir='ltr'><strong>sero</strong></span> <span class='ocrx_word' id='word_1_135' title='bbox 1048 2263 1144 2337; x_wconf 84' lang='lat' dir='ltr'><strong>depre-</strong></span> 
     </span>
     <span class='ocr_line' id='line_1_18' title="bbox 86 2345 1144 2420; baseline 0.001 -23"><span class='ocrx_word' id='word_1_136' title='bbox 86 2345 226 2417; x_wconf 81' lang='lat' dir='ltr'><strong>jampridem</strong></span> <span class='ocrx_word' id='word_1_137' title='bbox 250 2349 319 2402; x_wconf 77' lang='lat' dir='ltr'><strong>vitio</strong></span> <span class='ocrx_word' id='word_1_138' title='bbox 342 2348 517 2420; x_wconf 83' lang='lat' dir='ltr'><strong>pontificum,</strong></span> <span class='ocrx_word' id='word_1_139' title='bbox 538 2366 587 2419; x_wconf 90' lang='lat' dir='ltr'><strong>per</strong></span> <span class='ocrx_word' id='word_1_140' title='bbox 630 2347 744 2400; x_wconf 78' lang='lat' dir='ltr'><strong>hennum</strong></span> <span class='ocrx_word' id='word_1_141' title='bbox 771 2347 889 2400; x_wconf 81' lang='lat' dir='ltr'><strong>correxit</strong></span> <span class='ocrx_word' id='word_1_142' title='bbox 914 2348 1049 2418; x_wconf 76' lang='lat' dir='ltr'><strong>Augustus</strong></span> <span class='ocrx_word' id='word_1_143' title='bbox 1068 2365 1076 2397; x_wconf 89' lang='lat'><strong>:</strong></span> <span class='ocrx_word' id='word_1_144' title='bbox 1096 2347 1144 2418; x_wconf 89' lang='lat' dir='ltr'><strong>qui</strong></span> 
     </span>
     <span class='ocr_line' id='line_1_19' title="bbox 88 2423 1145 2482; baseline 0.004 -8"><span class='ocrx_word' id='word_1_145' title='bbox 88 2423 243 2482; x_wconf 81' lang='lat' dir='ltr'><strong>intercalandi</strong></span> <span class='ocrx_word' id='word_1_146' title='bbox 261 2428 401 2482; x_wconf 80' lang='lat' dir='ltr'><strong>licentiam</strong></span> <span class='ocrx_word' id='word_1_147' title='bbox 416 2427 482 2482; x_wconf 88' lang='lat' dir='ltr'><strong>adeo</strong></span> <span class='ocrx_word' id='word_1_148' title='bbox 497 2427 587 2481; x_wconf 81' lang='lat' dir='ltr'><strong>turba·</strong></span> <span class='ocrx_word' id='word_1_149' title='bbox 631 2445 714 2480; x_wconf 83' lang='lat' dir='ltr'><strong>annos</strong></span> <span class='ocrx_word' id='word_1_150' title='bbox 742 2424 885 2479; x_wconf 85' lang='lat' dir='ltr'><strong>duodecim</strong></span> <span class='ocrx_word' id='word_1_151' title='bbox 905 2427 963 2480; x_wconf 85' lang='lat' dir='ltr'><strong>sine</strong></span> <span class='ocrx_word' id='word_1_152' title='bbox 994 2425 1145 2479; x_wconf 81' lang='lat' dir='ltr'><strong>intercalari</strong></span> 
     </span>
     <span class='ocr_line' id='line_1_20' title="bbox 91 2503 1145 2580; baseline 0.001 -24"><span class='ocrx_word' id='word_1_153' title='bbox 91 2513 135 2568; x_wconf 85' lang='lat' dir='ltr'><strong>tos,</strong></span> <span class='ocrx_word' id='word_1_154' title='bbox 145 2519 171 2559; x_wconf 92' lang='lat' dir='ltr'><strong>ut</strong></span> <span class='ocrx_word' id='word_1_155' title='bbox 181 2525 267 2580; x_wconf 86' lang='lat' dir='ltr'><strong>neque</strong></span> <span class='ocrx_word' id='word_1_156' title='bbox 273 2509 402 2562; x_wconf 88' lang='lat' dir='ltr'><strong>messium</strong></span> <span class='ocrx_word' id='word_1_157' title='bbox 412 2507 483 2561; x_wconf 79' lang='lat' dir='ltr'><strong>ferite</strong></span> <span class='ocrx_word' id='word_1_158' title='bbox 490 2507 587 2572; x_wconf 77' lang='lat' dir='ltr'><strong>estati,</strong></span> <span class='ocrx_word' id='word_1_159' title='bbox 630 2504 675 2559; x_wconf 88' lang='lat' dir='ltr'><strong>die</strong></span> <span class='ocrx_word' id='word_1_160' title='bbox 686 2505 794 2577; x_wconf 79' lang='lat' dir='ltr'><strong>transigi</strong></span> <span class='ocrx_word' id='word_1_161' title='bbox 804 2507 896 2578; x_wconf 86' lang='lat' dir='ltr'><strong>jussit:</strong></span> <span class='ocrx_word' id='word_1_162' title='bbox 909 2517 940 2559; x_wconf 87' lang='lat' dir='ltr'><strong>nt</strong></span> <span class='ocrx_word' id='word_1_163' title='bbox 952 2504 994 2558; x_wconf 88' lang='lat' dir='ltr'><strong>illi</strong></span> <span class='ocrx_word' id='word_1_164' title='bbox 1006 2517 1061 2560; x_wconf 88' lang='lat' dir='ltr'><strong>tres</strong></span> <span class='ocrx_word' id='word_1_165' title='bbox 1071 2503 1145 2570; x_wconf 81' lang='lat' dir='ltr'><strong>dies,</strong></span> 
     </span>
     <span class='ocr_line' id='line_1_21' title="bbox 89 2584 1145 2658; baseline -0.002 -20"><span class='ocrx_word' id='word_1_166' title='bbox 89 2587 363 2654; x_wconf 77' lang='lat' dir='ltr'><strong>nequevindemiarum</strong></span> <span class='ocrx_word' id='word_1_167' title='bbox 373 2601 504 2640; x_wconf 88' lang='lat' dir='ltr'><strong>autumno</strong></span> <span class='ocrx_word' id='word_1_168' title='bbox 513 2605 587 2640; x_wconf 89' lang='lat' dir='ltr'><strong>corn·</strong></span> <span class='ocrx_word' id='word_1_169' title='bbox 631 2585 677 2658; x_wconf 89' lang='lat' dir='ltr'><strong>qui</strong></span> <span class='ocrx_word' id='word_1_170' title='bbox 699 2603 747 2656; x_wconf 90' lang='lat' dir='ltr'><strong>per</strong></span> <span class='ocrx_word' id='word_1_171' title='bbox 761 2603 844 2639; x_wconf 86' lang='lat' dir='ltr'><strong>annos</strong></span> <span class='ocrx_word' id='word_1_172' title='bbox 857 2585 965 2656; x_wconf 85' lang='lat' dir='ltr'><strong>triginta</strong></span> <span class='ocrx_word' id='word_1_173' title='bbox 981 2597 1008 2639; x_wconf 91' lang='lat' dir='ltr'><strong>et</strong></span> <span class='ocrx_word' id='word_1_174' title='bbox 1018 2602 1063 2638; x_wconf 83' lang='lat' dir='ltr'><strong>sex</strong></span> <span class='ocrx_word' id='word_1_175' title='bbox 1078 2584 1145 2637; x_wconf 80' lang='lat' dir='ltr'><strong>uitio</strong></span> 
     </span>
     <span class='ocr_line' id='line_1_22' title="bbox 90 2663 1145 2738; baseline -0.003 -21"><span class='ocrx_word' id='word_1_176' title='bbox 90 2675 209 2732; x_wconf 77' lang='lat' dir='ltr'><strong>peterem,</strong></span> <span class='ocrx_word' id='word_1_177' title='bbox 233 2685 392 2738; x_wconf 76' lang='lat' dir='ltr'><strong>mumque</strong></span> <span class='ocrx_word' id='word_1_178' title='bbox 420 2665 454 2720; x_wconf 88' lang='lat' dir='ltr'><strong>nd</strong></span> <span class='ocrx_word' id='word_1_179' title='bbox 480 2683 587 2720; x_wconf 83' lang='lat' dir='ltr'><strong>cursum</strong></span> <span class='ocrx_word' id='word_1_180' title='bbox 631 2663 799 2719; x_wconf 85' lang='lat' dir='ltr'><strong>sacerdotalis</strong></span> <span class='ocrx_word' id='word_1_181' title='bbox 826 2663 998 2718; x_wconf 75' lang='lat' dir='ltr'><strong>festinationis</strong></span> <span class='ocrx_word' id='word_1_182' title='bbox 1021 2681 1145 2717; x_wconf 77' lang='lat' dir='ltr'><strong>excreve-</strong></span> 
     </span>
     <span class='ocr_line' id='line_1_23' title="bbox 91 2741 1146 2817; baseline 0 -21"><span class='ocrx_word' id='word_1_183' title='bbox 91 2741 140 2796; x_wconf 75' lang='lat' dir='ltr'><strong>sclia</strong></span> <span class='ocrx_word' id='word_1_184' title='bbox 149 2746 371 2810; x_wconf 82' lang='lat' dir='ltr'><strong>accommodarit,</strong></span> <span class='ocrx_word' id='word_1_185' title='bbox 385 2757 521 2800; x_wconf 78' lang='lat' dir='ltr'><strong>utcccnxr</strong></span> <span class='ocrx_word' id='word_1_186' title='bbox 532 2741 588 2798; x_wconf 89' lang='lat' dir='ltr'><strong>die·</strong></span> <span class='ocrx_word' id='word_1_187' title='bbox 630 2757 707 2809; x_wconf 86' lang='lat' dir='ltr'><strong>rant,</strong></span> <span class='ocrx_word' id='word_1_188' title='bbox 718 2744 891 2817; x_wconf 83' lang='lat' dir='ltr'><strong>sequentibus</strong></span> <span class='ocrx_word' id='word_1_189' title='bbox 902 2745 979 2797; x_wconf 91' lang='lat' dir='ltr'><strong>annis</strong></span> <span class='ocrx_word' id='word_1_190' title='bbox 990 2741 1146 2808; x_wconf 79' lang='lat' dir='ltr'><strong>duodecim,</strong></span> 
     </span>
     <span class='ocr_line' id='line_1_24' title="bbox 91 2821 1145 2892; baseline -0.004 -13"><span class='ocrx_word' id='word_1_191' title='bbox 91 2837 139 2873; x_wconf 75' lang='lat' dir='ltr'><strong>mm</strong></span> <span class='ocrx_word' id='word_1_192' title='bbox 157 2838 236 2892; x_wconf 68' lang='lat' dir='ltr'><strong>essu,</strong></span> <span class='ocrx_word' id='word_1_193' title='bbox 255 2840 282 2880; x_wconf 85' lang='lat' dir='ltr'><strong>et</strong></span> <span class='ocrx_word' id='word_1_194' title='bbox 306 2825 476 2881; x_wconf 86' lang='lat' dir='ltr'><strong>intercalario</strong></span> <span class='ocrx_word' id='word_1_195' title='bbox 496 2843 588 2878; x_wconf 87' lang='lat' dir='ltr'><strong>mense</strong></span> <span class='ocrx_word' id='word_1_196' title='bbox 631 2821 1145 2890; x_wconf 82' lang='lat' dir='ltr'><strong>nullodisintercalato‚devorarentor.</strong></span> 
     </span>
     <span class='ocr_line' id='line_1_25' title="bbox 93 2899 1145 2977; baseline -0.001 -21"><span class='ocrx_word' id='word_1_197' title='bbox 93 2900 179 2956; x_wconf 70' lang='lat' dir='ltr'><strong>sublato</strong></span> <span class='ocrx_word' id='word_1_198' title='bbox 191 2905 339 2961; x_wconf 78' lang='lat' dir='ltr'><strong>unnedica</strong></span> <span class='ocrx_word' id='word_1_199' title='bbox 352 2917 448 2977; x_wconf 87' lang='lat' dir='ltr'><strong>quarto</strong></span> <span class='ocrx_word' id='word_1_200' title='bbox 464 2923 534 2959; x_wconf 90' lang='lat' dir='ltr'><strong>anno</strong></span> <span class='ocrx_word' id='word_1_201' title='bbox 546 2903 587 2957; x_wconf 91' lang='lat' dir='ltr'><strong>in·</strong></span> <span class='ocrx_word' id='word_1_202' title='bbox 631 2903 695 2958; x_wconf 84' lang='lat' dir='ltr'><strong>Post</strong></span> <span class='ocrx_word' id='word_1_203' title='bbox 709 2903 763 2956; x_wconf 83' lang='lat' dir='ltr'><strong>laoc</strong></span> <span class='ocrx_word' id='word_1_204' title='bbox 785 2921 868 2956; x_wconf 85' lang='lat' dir='ltr'><strong>unum</strong></span> <span class='ocrx_word' id='word_1_205' title='bbox 888 2901 976 2966; x_wconf 84' lang='lat' dir='ltr'><strong>diem,</strong></span> <span class='ocrx_word' id='word_1_206' title='bbox 998 2899 1145 2957; x_wconf 82' lang='lat' dir='ltr'><strong>secundnm</strong></span> 
     </span>
     <span class='ocr_line' id='line_1_26' title="bbox 94 2981 1147 3054; baseline 0 -19"><span class='ocrx_word' id='word_1_207' title='bbox 94 2981 254 3052; x_wconf 71' lang='lat' dir='ltr'><strong>terminentur,</strong></span> <span class='ocrx_word' id='word_1_208' title='bbox 267 2999 322 3040; x_wconf 87' lang='lat' dir='ltr'><strong>etc.</strong></span> <span class='ocrx_word' id='word_1_209' title='bbox 334 3011 346 3033; x_wconf 75' lang='grc' dir='ltr'>ι</span> <span class='ocrx_word' id='word_1_210' title='bbox 361 2985 455 3038; x_wconf 85' lang='lat' dir='ltr'><strong>Hann.</strong></span> <span class='ocrx_word' id='word_1_211' title='bbox 632 2982 827 3037; x_wconf 83' lang='lat' dir='ltr'><strong>ordinationem</strong></span> <span class='ocrx_word' id='word_1_212' title='bbox 841 2983 965 3048; x_wconf 75' lang='lat' dir='ltr'><strong>casaris,</strong></span> <span class='ocrx_word' id='word_1_213' title='bbox 975 2981 1073 3054; x_wconf 84' lang='lat' dir='ltr'><strong>quinto</strong></span> <span class='ocrx_word' id='word_1_214' title='bbox 1081 3000 1147 3053; x_wconf 88' lang='lat' dir='ltr'><strong>qno·</strong></span> 
     </span>
    </p>

    <p class='ocr_par' dir='ltr' id='par_1_4' title="bbox 95 3060 1153 4170">
     <span class='ocr_line' id='line_1_27' title="bbox 128 3060 1146 3137; baseline 0.001 -25"><span class='ocrx_word' id='word_1_215' title='bbox 128 3065 168 3114; x_wconf 79' lang='lat'><strong>15.</strong></span> <span class='ocrx_word' id='word_1_216' title='bbox 180 3065 214 3116; x_wconf 83' lang='lat' dir='ltr'><strong>Et</strong></span> <span class='ocrx_word' id='word_1_217' title='bbox 223 3087 252 3118; x_wconf 76' lang='lat' dir='ltr'><strong>eo</strong></span> <span class='ocrx_word' id='word_1_218' title='bbox 266 3069 323 3137; x_wconf 80' lang='lat' dir='ltr'><strong>ipra</strong></span> <span class='ocrx_word' id='word_1_219' title='bbox 338 3068 404 3118; x_wconf 83' lang='lat' dir='ltr'><strong>ratio</strong></span> <span class='ocrx_word' id='word_1_220' title='bbox 420 3073 539 3136; x_wconf 79' lang='lat' dir='ltr'><strong>consperto</strong></span> <span class='ocrx_word' id='word_1_221' title='bbox 552 3083 589 3115; x_wconf 84' lang='lat' dir='ltr'><strong>er·</strong></span> <span class='ocrx_word' id='word_1_222' title='bbox 631 3081 684 3135; x_wconf 88' lang='lat' dir='ltr'><strong>que</strong></span> <span class='ocrx_word' id='word_1_223' title='bbox 692 3062 840 3133; x_wconf 86' lang='lat' dir='ltr'><strong>incipiente</strong></span> <span class='ocrx_word' id='word_1_224' title='bbox 852 3079 922 3114; x_wconf 86' lang='lat' dir='ltr'><strong>anno</strong></span> <span class='ocrx_word' id='word_1_225' title='bbox 932 3060 1081 3115; x_wconf 83' lang='lat' dir='ltr'><strong>intercalari</strong></span> <span class='ocrx_word' id='word_1_226' title='bbox 1089 3063 1146 3132; x_wconf 85' lang='lat' dir='ltr'><strong>jus·</strong></span> 
     </span>
     <span class='ocr_line' id='line_1_28' title="bbox 95 3138 1147 3215; baseline 0.001 -22"><span class='ocrx_word' id='word_1_227' title='bbox 95 3155 137 3189; x_wconf 75' lang='lat' dir='ltr'><strong>mre</strong></span> <span class='ocrx_word' id='word_1_228' title='bbox 151 3157 250 3198; x_wconf 67' lang='lat' dir='ltr'><strong>umato</strong></span> <span class='ocrx_word' id='word_1_229' title='bbox 265 3159 313 3198; x_wconf 80' lang='lat' dir='ltr'><strong>ast.</strong></span> <span class='ocrx_word' id='word_1_230' title='bbox 339 3145 403 3198; x_wconf 80' lang='lat' dir='ltr'><strong>Haec</strong></span> <span class='ocrx_word' id='word_1_231' title='bbox 424 3162 484 3215; x_wconf 86' lang='lat' dir='ltr'><strong>quse</strong></span> <span class='ocrx_word' id='word_1_232' title='bbox 505 3160 588 3214; x_wconf 85' lang='lat' dir='ltr'><strong>angn-</strong></span> <span class='ocrx_word' id='word_1_233' title='bbox 632 3143 683 3198; x_wconf 80' lang='lat' dir='ltr'><strong>sit:</strong></span> <span class='ocrx_word' id='word_1_234' title='bbox 695 3155 723 3196; x_wconf 86' lang='lat' dir='ltr'><strong>et</strong></span> <span class='ocrx_word' id='word_1_235' title='bbox 735 3159 843 3195; x_wconf 81' lang='lat' dir='ltr'><strong>ornnem</strong></span> <span class='ocrx_word' id='word_1_236' title='bbox 853 3138 1147 3194; x_wconf 70' lang='lat' dir='ltr'><strong>huncordinemoereo</strong></span> 
     </span>
     <span class='ocr_line' id='line_1_29' title="bbox 95 3216 1146 3286; baseline 0.006 -18"><span class='ocrx_word' id='word_1_237' title='bbox 95 3216 160 3272; x_wconf 82' lang='lat' dir='ltr'><strong>stiore</strong></span> <span class='ocrx_word' id='word_1_238' title='bbox 176 3241 297 3279; x_wconf 82' lang='lat' dir='ltr'><strong>sermone</strong></span> <span class='ocrx_word' id='word_1_239' title='bbox 319 3223 423 3278; x_wconf 86' lang='lat' dir='ltr'><strong>Plinius</strong></span> <span class='ocrx_word' id='word_1_240' title='bbox 439 3223 589 3286; x_wconf 83' lang='lat' dir='ltr'><strong>contraxit,</strong></span> <span class='ocrx_word' id='word_1_241' title='bbox 631 3221 728 3276; x_wconf 76' lang='lat' dir='ltr'><strong>tabule</strong></span> <span class='ocrx_word' id='word_1_242' title='bbox 742 3219 777 3276; x_wconf 93' lang='lat' dir='ltr'><strong>ad</strong></span> <span class='ocrx_word' id='word_1_243' title='bbox 792 3232 918 3274; x_wconf 72' lang='lat' dir='ltr'><strong>eternam</strong></span> <span class='ocrx_word' id='word_1_244' title='bbox 939 3219 1088 3275; x_wconf 85' lang='lat' dir='ltr'><strong>custodiam</strong></span> <span class='ocrx_word' id='word_1_245' title='bbox 1104 3219 1146 3274; x_wconf 90' lang='lat' dir='ltr'><strong>in·</strong></span> 
     </span>
     <span class='ocr_line' id='line_1_30' title="bbox 97 3295 1147 3374; baseline -0.002 -21"><span class='ocrx_word' id='word_1_246' title='bbox 97 3295 340 3359; x_wconf 76' lang='lat' dir='ltr'><strong>lusimaMacmbio</strong></span> <span class='ocrx_word' id='word_1_247' title='bbox 355 3303 529 3374; x_wconf 81' lang='lat' dir='ltr'><strong>explicantur.</strong></span> <span class='ocrx_word' id='word_1_248' title='bbox 542 3303 588 3356; x_wconf 86' lang='lat' dir='ltr'><strong>Sa·</strong></span> <span class='ocrx_word' id='word_1_249' title='bbox 632 3301 732 3355; x_wconf 70' lang='lat' dir='ltr'><strong>duone</strong></span> <span class='ocrx_word' id='word_1_250' title='bbox 764 3299 909 3355; x_wconf 82' lang='lat' dir='ltr'><strong>mandarit.</strong></span> <span class='ocrx_word' id='word_1_251' title='bbox 939 3298 1038 3354; x_wconf 86' lang='lat' dir='ltr'><strong>lisdem</strong></span> <span class='ocrx_word' id='word_1_252' title='bbox 1071 3317 1147 3370; x_wconf 72' lang='lat' dir='ltr'><strong>poue</strong></span> 
     </span>
     <span class='ocr_line' id='line_1_31' title="bbox 96 3375 1146 3451; baseline 0.001 -20"><span class='ocrx_word' id='word_1_253' title='bbox 96 3375 196 3436; x_wconf 72' lang='lat' dir='ltr'><strong>tudetes</strong></span> <span class='ocrx_word' id='word_1_254' title='bbox 214 3385 266 3438; x_wconf 82' lang='lat' dir='ltr'><strong>ribi</strong></span> <span class='ocrx_word' id='word_1_255' title='bbox 286 3400 410 3438; x_wconf 86' lang='lat' dir='ltr'><strong>errorem</strong></span> <span class='ocrx_word' id='word_1_256' title='bbox 432 3399 532 3435; x_wconf 85' lang='lat' dir='ltr'><strong>novum</strong></span> <span class='ocrx_word' id='word_1_257' title='bbox 557 3397 589 3434; x_wconf 81' lang='lat' dir='ltr'><strong>ex</strong></span> <span class='ocrx_word' id='word_1_258' title='bbox 632 3381 721 3434; x_wconf 74' lang='lat' dir='ltr'><strong>serbis</strong></span> <span class='ocrx_word' id='word_1_259' title='bbox 733 3399 792 3434; x_wconf 83' lang='lat' dir='ltr'><strong>reru</strong></span> <span class='ocrx_word' id='word_1_260' title='bbox 805 3391 895 3434; x_wconf 69' lang='lat' dir='ltr'><strong>aurat</strong></span> <span class='ocrx_word' id='word_1_261' title='bbox 907 3378 1032 3443; x_wconf 83' lang='lat' dir='ltr'><strong>Solinus,</strong></span> <span class='ocrx_word' id='word_1_262' title='bbox 1043 3397 1102 3451; x_wconf 86' lang='lat' dir='ltr'><strong>cap.</strong></span> <span class='ocrx_word' id='word_1_263' title='bbox 1121 3397 1146 3432; x_wconf 88' lang='lat' dir='ltr'><strong>r.</strong></span> 
     </span>
     <span class='ocr_line' id='line_1_32' title="bbox 98 3453 1146 3532; baseline -0.002 -18"><span class='ocrx_word' id='word_1_264' title='bbox 98 3453 142 3523; x_wconf 78' lang='lat' dir='ltr'><strong>ipa</strong></span> <span class='ocrx_word' id='word_1_265' title='bbox 163 3463 344 3520; x_wconf 83' lang='lat' dir='ltr'><strong>emendatione</strong></span> <span class='ocrx_word' id='word_1_266' title='bbox 370 3458 497 3516; x_wconf 65' lang='lat' dir='ltr'><strong>iscuerit.</strong></span> <span class='ocrx_word' id='word_1_267' title='bbox 520 3461 589 3514; x_wconf 81' lang='lat' dir='ltr'><strong>Nam</strong></span> <span class='ocrx_word' id='word_1_268' title='bbox 633 3458 706 3514; x_wconf 88' lang='lat' dir='ltr'><strong>Vide</strong></span> <span class='ocrx_word' id='word_1_269' title='bbox 716 3459 789 3532; x_wconf 89' lang='lat' dir='ltr'><strong>apud</strong></span> <span class='ocrx_word' id='word_1_270' title='bbox 802 3460 891 3523; x_wconf 75' lang='lat' dir='ltr'><strong>Peter.</strong></span> <span class='ocrx_word' id='word_1_271' title='bbox 911 3456 948 3512; x_wconf 85' lang='lat' dir='ltr'><strong>de</strong></span> <span class='ocrx_word' id='word_1_272' title='bbox 960 3461 1052 3513; x_wconf 86' lang='lat' dir='ltr'><strong>Doctr.</strong></span> <span class='ocrx_word' id='word_1_273' title='bbox 1063 3470 1146 3528; x_wconf 85' lang='lat' dir='ltr'><strong>temp.</strong></span> 
     </span>
     <span class='ocr_line' id='line_1_33' title="bbox 97 3536 1148 3614; baseline -0.012 -11"><span class='ocrx_word' id='word_1_274' title='bbox 97 3550 165 3603; x_wconf 60' lang='lat' dir='ltr'><strong>‘llum</strong></span> <span class='ocrx_word' id='word_1_275' title='bbox 176 3555 310 3614; x_wconf 82' lang='lat' dir='ltr'><strong>oporteret</strong></span> <span class='ocrx_word' id='word_1_276' title='bbox 322 3541 409 3606; x_wconf 88' lang='lat' dir='ltr'><strong>diem,</strong></span> <span class='ocrx_word' id='word_1_277' title='bbox 424 3541 471 3613; x_wconf 92' lang='lat' dir='ltr'><strong>qui</strong></span> <span class='ocrx_word' id='word_1_278' title='bbox 480 3559 513 3594; x_wconf 80' lang='lat' dir='ltr'><strong>ex</strong></span> <span class='ocrx_word' id='word_1_279' title='bbox 525 3557 589 3612; x_wconf 88' lang='lat' dir='ltr'><strong>qua·</strong></span> <span class='ocrx_word' id='word_1_280' title='bbox 634 3539 685 3606; x_wconf 82' lang='lat' dir='ltr'><strong>IV,</strong></span> <span class='ocrx_word' id='word_1_281' title='bbox 698 3541 734 3604; x_wconf 83' lang='lat'><strong>3,</strong></span> <span class='ocrx_word' id='word_1_282' title='bbox 746 3538 922 3611; x_wconf 81' lang='lat' dir='ltr'><strong>diagramma,</strong></span> <span class='ocrx_word' id='word_1_283' title='bbox 935 3538 963 3592; x_wconf 88' lang='lat' dir='ltr'><strong>in</strong></span> <span class='ocrx_word' id='word_1_284' title='bbox 976 3557 1033 3610; x_wconf 86' lang='lat' dir='ltr'><strong>quo</strong></span> <span class='ocrx_word' id='word_1_285' title='bbox 1047 3536 1148 3591; x_wconf 81' lang='lat' dir='ltr'><strong>bissex·</strong></span> 
     </span>
     <span class='ocr_line' id='line_1_34' title="bbox 98 3610 1149 3694; baseline -0.004 -20"><span class='ocrx_word' id='word_1_286' title='bbox 98 3610 213 3675; x_wconf 76' lang='lat' dir='ltr'><strong>drantibm</strong></span> <span class='ocrx_word' id='word_1_287' title='bbox 237 3623 343 3686; x_wconf 78' lang='lat' dir='ltr'><strong>confit,</strong></span> <span class='ocrx_word' id='word_1_288' title='bbox 367 3635 462 3694; x_wconf 86' lang='lat' dir='ltr'><strong>quarto</strong></span> <span class='ocrx_word' id='word_1_289' title='bbox 481 3637 588 3692; x_wconf 85' lang='lat' dir='ltr'><strong>quoqne</strong></span> <span class='ocrx_word' id='word_1_290' title='bbox 631 3619 691 3674; x_wconf 87' lang='lat' dir='ltr'><strong>tiles</strong></span> <span class='ocrx_word' id='word_1_291' title='bbox 705 3615 763 3674; x_wconf 86' lang='lat' dir='ltr'><strong>dies</strong></span> <span class='ocrx_word' id='word_1_292' title='bbox 776 3633 830 3674; x_wconf 83' lang='lat' dir='ltr'><strong>tam</strong></span> <span class='ocrx_word' id='word_1_293' title='bbox 841 3618 948 3680; x_wconf 80' lang='lat' dir='ltr'><strong>vitiosi,</strong></span> <span class='ocrx_word' id='word_1_294' title='bbox 961 3636 1041 3689; x_wconf 87' lang='lat' dir='ltr'><strong>quam</strong></span> <span class='ocrx_word' id='word_1_295' title='bbox 1056 3634 1149 3671; x_wconf 85' lang='lat' dir='ltr'><strong>emen·</strong></span> 
     </span>
     <span class='ocr_line' id='line_1_35' title="bbox 99 3695 1148 3773; baseline -0.004 -19"><span class='ocrx_word' id='word_1_296' title='bbox 99 3709 154 3750; x_wconf 57' lang='grc' dir='ltr'><strong>ΝΜ</strong></span> <span class='ocrx_word' id='word_1_297' title='bbox 167 3703 299 3768; x_wconf 82' lang='lat' dir='ltr'><strong>conlecto,</strong></span> <span class='ocrx_word' id='word_1_298' title='bbox 318 3713 460 3773; x_wconf 81' lang='lat' dir='ltr'><strong>antequam</strong></span> <span class='ocrx_word' id='word_1_299' title='bbox 478 3701 589 3772; x_wconf 84' lang='lat' dir='ltr'><strong>quintus</strong></span> <span class='ocrx_word' id='word_1_300' title='bbox 631 3697 687 3753; x_wconf 83' lang='lat' dir='ltr'><strong>dati</strong></span> <span class='ocrx_word' id='word_1_301' title='bbox 696 3699 860 3772; x_wconf 86' lang='lat' dir='ltr'><strong>apertissime</strong></span> <span class='ocrx_word' id='word_1_302' title='bbox 867 3696 1045 3768; x_wconf 83' lang='lat' dir='ltr'><strong>snbjiciuntur</strong></span> <span class='ocrx_word' id='word_1_303' title='bbox 1053 3695 1148 3751; x_wconf 84' lang='lat' dir='ltr'><strong>oeulis.</strong></span> 
     </span>
     <span class='ocr_line' id='line_1_36' title="bbox 98 3769 727 3852; baseline -0.002 -18"><span class='ocrx_word' id='word_1_304' title='bbox 98 3769 222 3847; x_wconf 65' lang='lat' dir='ltr'><strong>insinuet,</strong></span> <span class='ocrx_word' id='word_1_305' title='bbox 243 3782 414 3845; x_wconf 83' lang='lat' dir='ltr'><strong>intercalare,</strong></span> <span class='ocrx_word' id='word_1_306' title='bbox 429 3779 470 3834; x_wconf 91' lang='lat' dir='ltr'><strong>illi</strong></span> <span class='ocrx_word' id='word_1_307' title='bbox 491 3793 588 3852; x_wconf 83' lang='lat' dir='ltr'><strong>quarto</strong></span> <span class='ocrx_word' id='word_1_308' title='bbox 635 3776 727 3833; x_wconf 82' lang='lat' dir='ltr'><strong>llasn.</strong></span> 
     </span>
     <span class='ocr_line' id='line_1_37' title="bbox 101 3855 1148 3932; baseline 0.009 -31"><span class='ocrx_word' id='word_1_309' title='bbox 101 3867 143 3905; x_wconf 90' lang='lat' dir='ltr'><strong>non</strong></span> <span class='ocrx_word' id='word_1_310' title='bbox 154 3875 270 3928; x_wconf 85' lang='lat' dir='ltr'><strong>peracto,</strong></span> <span class='ocrx_word' id='word_1_311' title='bbox 285 3859 333 3916; x_wconf 83' lang='lat' dir='ltr'><strong>sod</strong></span> <span class='ocrx_word' id='word_1_312' title='bbox 347 3858 491 3932; x_wconf 84' lang='lat' dir='ltr'><strong>incipiente</strong></span> <span class='ocrx_word' id='word_1_313' title='bbox 509 3860 591 3913; x_wconf 90' lang='lat' dir='ltr'><strong>inter·</strong></span> <span class='ocrx_word' id='word_1_314' title='bbox 679 3875 724 3929; x_wconf 89' lang='lat'><strong>17.</strong></span> <span class='ocrx_word' id='word_1_315' title='bbox 741 3859 809 3929; x_wconf 80' lang='lat' dir='ltr'><strong>Quor</strong></span> <span class='ocrx_word' id='word_1_316' title='bbox 821 3860 1000 3928; x_wconf 78' lang='lat' dir='ltr'><strong>proeteauinuu.</strong></span> <span class='ocrx_word' id='word_1_317' title='bbox 1011 3857 1099 3928; x_wconf 84' lang='lat' dir='ltr'><strong>Supra</strong></span> <span class='ocrx_word' id='word_1_318' title='bbox 1112 3855 1148 3910; x_wconf 81' lang='lat' dir='ltr'><strong>N.</strong></span> 
     </span>
     <span class='ocr_line' id='line_1_38' title="bbox 102 3932 777 4011; baseline -0.004 -19"><span class='ocrx_word' id='word_1_319' title='bbox 102 3932 273 3997; x_wconf 61' lang='lat' dir='ltr'><strong>attinente</strong></span> <span class='ocrx_word' id='word_1_320' title='bbox 295 3960 371 3995; x_wconf 74' lang='grc' dir='ltr'>εποι-</span> <span class='ocrx_word' id='word_1_321' title='bbox 384 3957 428 3993; x_wconf 83' lang='lat' dir='ltr'><strong>sen</strong></span> <span class='ocrx_word' id='word_1_322' title='bbox 442 3951 469 3994; x_wconf 89' lang='lat' dir='ltr'><strong>et</strong></span> <span class='ocrx_word' id='word_1_323' title='bbox 482 3939 591 4011; x_wconf 84' lang='lat' dir='ltr'><strong>triginta</strong></span> <span class='ocrx_word' id='word_1_324' title='bbox 635 3938 671 3990; x_wconf 84' lang='lat' dir='ltr'><strong>V.</strong></span> <span class='ocrx_word' id='word_1_325' title='bbox 684 3937 777 3990; x_wconf 75' lang='lat' dir='ltr'><strong>narn:</strong></span> 
     </span>
     <span class='ocr_line' id='line_1_39' title="bbox 103 4013 1151 4092; baseline -0.006 -20"><span class='ocrx_word' id='word_1_326' title='bbox 103 4014 163 4068; x_wconf 72' lang='lat' dir='ltr'><strong>tlinis</strong></span> <span class='ocrx_word' id='word_1_327' title='bbox 173 4021 328 4088; x_wconf 71' lang='lat' dir='ltr'><strong>permansit3</strong></span> <span class='ocrx_word' id='word_1_328' title='bbox 347 4020 444 4092; x_wconf 84' lang='lat' dir='ltr'><strong>quibus</strong></span> <span class='ocrx_word' id='word_1_329' title='bbox 458 4019 534 4074; x_wconf 83' lang='lat' dir='ltr'><strong>annis</strong></span> <span class='ocrx_word' id='word_1_330' title='bbox 548 4019 589 4072; x_wconf 88' lang='lat' dir='ltr'><strong>in-</strong></span> <span class='ocrx_word' id='word_1_331' title='bbox 679 4019 722 4072; x_wconf 82' lang='lat' dir='ltr'><strong>rti.</strong></span> <span class='ocrx_word' id='word_1_332' title='bbox 734 4017 888 4086; x_wconf 65' lang='lat' dir='ltr'><strong>Asmagi«.</strong></span> <span class='ocrx_word' id='word_1_333' title='bbox 897 4015 1034 4070; x_wconf 84' lang='lat' dir='ltr'><strong>Laudatur</strong></span> <span class='ocrx_word' id='word_1_334' title='bbox 1046 4014 1091 4068; x_wconf 88' lang='lat' dir='ltr'><strong>hic</strong></span> <span class='ocrx_word' id='word_1_335' title='bbox 1100 4013 1151 4067; x_wconf 78' lang='lat' dir='ltr'><strong>lie·</strong></span> 
     </span>
     <span class='ocr_line' id='line_1_40' title="bbox 105 4085 1153 4170; baseline -0.006 -18"><span class='ocrx_word' id='word_1_336' title='bbox 105 4095 590 4170; x_wconf 72' lang='lat' dir='ltr'><strong>tetttlntisnntdiesduodccitrt,quum</strong></span> <span class='ocrx_word' id='word_1_337' title='bbox 635 4085 1153 4165; x_wconf 69' lang='lat' dir='ltr'><strong>siodiliberaTlreone‚etrocatnr-dens·</strong></span> 
     </span>
    </p>
   </div>
   <div class='ocr_carea' id='block_1_4' title="bbox 0 0 1488 5009">
    <p class='ocr_par' dir='ltr' id='par_1_5' title="bbox 0 0 1488 5009">
     <span class='ocr_line' id='line_1_41' title="bbox 0 0 1488 5009; baseline 0 0"><span class='ocrx_word' id='word_1_338' title='bbox 0 0 1488 5009; x_wconf 95' lang='lat' dir='ltr'><strong> </strong></span> 
     </span>
    </p>
   </div>
  </div>
 </body>
</html>
