2925 5009
461 464 620 533 muna
647 462 756 533 xix.
1065 472 1141 567 447

79 593 296 693 appeliatum,
315 591 433 665 culinis
457 592 649 691 principale.
675 597 716 665 ln
734 619 946 693 quacumque
963 612 1054 669 terra
1079 602 1144 672 seri

79 701 163 792 ruit,
185 704 316 773 ratione
335 701 468 785 eadem,
491 724 558 796 qua
580 701 774 773 olusatrum.
796 704 1077 777 Laudatissimnm
1096 723 1143 777 ta·

78 833 148 879 rnen
165 811 199 879 in
222 810 342 896 Caria,
362 808 551 903 proximum
569 807 722 904 Phrygia.

126 919 162 985 t.
185 912 414 1011 Ligusticum'
427 912 576 983 silvestre
592 929 644 985 est
660 917 694 983 in
708 916 854 1011 Liguriae
871 940 939 987 suae
954 918 1140 991 montibus:
1163 968 1174 1003 ,

78 1024 190 1093 seritur
209 1023 359 1118 ubique:
376 1022 509 1091 suavius
529 1021 693 1109 sautum,
714 1022 772 1091 sed
789 1024 860 1093 sine
880 1024 1017 1095 viribus.
1037 1028 1141 1096 Paus-

77 1127 160 1201 oem'
174 1127 280 1223 aliqui
301 1140 432 1199 vocant.
455 1110 633 1198 Crateras³
650 1127 740 1224 apud
759 1130 897 1199 Grecos
918 1130 1062 1202 cunilam
1083 1132 1141 1202 bu·

78 1234 183 1305 hulam
200 1260 245 1305 eo
265 1235 401 1304 nomine
417 1232 587 1329 appellat:
610 1235 720 1305 caeteri
739 1234 810 1304 sere
826 1260 1004 1329 conyzam,
1022 1237 1055 1307 id
1072 1254 1142 1327 est,

77 1341 295 1438 cunilaginem
312 1340 523 1434 :thymbram
547 1363 644 1425 vcro,
665 1366 739 1437 quae
755 1342 797 1411 sit
812 1342 931 1411 cunila.
956 1346 1036 1413 Huc
1051 1345 1141 1441 apud

77 1472 132 1518 nos
148 1447 255 1518 babet
278 1445 478 1516 vocabulum
500 1460 534 1515 et
551 1444 659 1531 aliud,
678 1450 822 1517 satureia
847 1436 954 1518 dicta⁴
976 1450 1010 1517 in
1033 1451 1141 1521 condi

77 1556 237 1625 mentatio
251 1576 382 1648 genere.
398 1553 526 1623 Seritur
540 1576 652 1623 mense
666 1553 845 1637 februario,
858 1555 997 1650 origano
1010 1557 1140 1627 aemuia.

76 1664 241 1756 Nusquam
264 1672 443 1753 utrumque
460 1658 604 1749 additur,
626 1662 750 1755 quippe
771 1658 884 1730 similis
901 1661 1051 1733 effectus.
1075 1664 1141 1733 Sed

78 1767 189 1837 cuniiae
205 1767 399 1861 AEgyptium
415 1768 589 1859 origanum
605 1779 735 1835 tantum
754 1766 937 1861 praefertur.

124 1877 179 1943 LI.
205 1873 423 1968 Peregrinum
442 1871 504 1941 fuit
524 1885 558 1940 et
580 1868 763 1967 lepidium'.
786 1874 950 1944 Seritura
973 1877 1140 1946 Favonio:
1163 1922 1174 1957 ,

76 1979 146 2049 dein
163 2003 272 2077 quum
288 1978 474 2062 fruticavit,
484 1979 578 2073 juxta
592 1976 736 2048 terram¹
749 1979 958 2075 preciditur3
971 1996 1052 2052 tuuc
1068 2008 1143 2053 run·

111 2138 583 2211 L.1.1.igsuticuss.Diosc.111,pag.
628 2138 709 2192 altera
726 2138 898 2204 Graecorum,
911 2139 1068 2195 latinorum
1078 2143 1143 2196 alte·

78 2218 110 2273 58
123 2237 130 2271 :
144 2222 278 2292 hspuershs
292 2220 379 2289 pdsrar
393 2218 435 2289 pb
447 2220 545 2278 etsie-as
559 2220 584 2270 is
630 2236 674 2282 ra,
686 2237 746 2292 quac
758 2231 784 2272 et
798 2219 928 2285 satureia,
938 2220 1070 2294 thymbra
1082 2222 1143 2293 qui·

75 2302 186 2371 Aesepia,
211 2300 264 2353 dtas
284 2298 328 2351 sai
347 2298 391 2355 riis
413 2298 584 2369 προσωνυμίαν
628 2296 690 2352 dern
707 2298 817 2363 emnia,
836 2310 863 2353 et
881 2300 972 2355 cuniis
989 2302 1141 2373 appellata:

76 2380 183 2447 dagnus.
196 2384 313 2439 ssusam<
324 2373 354 2430 di
367 2378 426 2431 surb
437 2383 550 2431 καλοῦσιν
563 2380 584 2432 ui
628 2374 674 2430 sed
692 2377 847 2449 discrepans
863 2390 954 2433 umen
972 2399 988 2434 a
1002 2381 1138 2453 thymbra.

77 2460 213 2527 ίπιχόριοι,
227 2470 279 2511 etc.
289 2455 390 2511 Eadem
400 2456 480 2510 habet
492 2456 586 2511 Oriba-
628 2456 734 2511 Colum.
751 2458 809 2523 IX,
825 2463 841 2521 d
858 2476 867 2513 r
883 2484 895 2507 ι
911 2458 1074 2531 Thymbra,
1096 2461 1140 2515 rel

76 2538 202 2603 sius,lib.
226 2536 282 2598 xl,
298 2536 316 2589 f.
331 2542 393 2600 sod.
419 2536 487 2590 Siler
508 2554 585 2590 mon·
627 2537 753 2590 nostratia
771 2537 880 2601 cunilae,
901 2557 982 2612 quam
996 2541 1138 2595 satureiam

75 2628 161 2671 unum
174 2614 310 2672 Dodonaei
324 2628 378 2679 eat,
401 2633 488 2688 aquo
508 2634 586 2669 accu-
627 2616 723 2669 rustici
736 2630 838 2671 vocant
856 2643 868 2665 ·
893 2616 930 2672 Et
951 2619 979 2671 in
1003 2618 1138 2676 Hortulo:

77 2710 128 2751 rate
136 2696 522 2767 delineatur,qualeinhorto
535 2696 586 2748 tte·
631 2720 643 2743 a
674 2696 709 2749 Et
740 2697 854 2750 satureia
884 2698 970 2769 thymi
1003 2698 1136 2768 reserens,

76 2776 116 2846 gio
126 2776 259 2840 vidimus,
272 2794 333 2849 pag.
347 2775 411 2829 308.
421 2774 523 2839 Gallis,
536 2794 585 2827 rer·
627 2774 968 2849 thymhrnquesaporeur.·
979 2776 1139 2834 Scribonius

76 2862 201 2909 mutue.
216 2854 586 2920 Officinisnonnnttn,snsu,
627 2854 743 2926 largus,
759 2856 856 2929 Comp.
867 2875 969 2915 csxrva
997 2884 1008 2906 ι
1025 2860 1139 2927 Cunila,

76 2934 118 2989 sed
130 2937 207 2991 falso.
224 2934 315 2989 Haan.
328 2964 368 2976 -
378 2935 525 3005 lignem
537 2936 585 2987 Le-
628 2952 708 3005 quam
724 2935 865 2989 satureiam
877 2934 985 3007 quidam
1001 2952 1106 2993 vocant.
1123 2966 1136 2989 a

78 3018 179 3069 abtim
189 3005 325 3087 (Puram.
338 3014 583 3087 aaronem.
628 3012 775 3067 Satureiam
792 3033 838 3068 seu
852 3016 968 3069 cunilam
985 3016 1055 3071 Galli
1066 3038 1140 3073 nune

79 3094 202 3165 Oudeib's·
219 3095 280 3150 Jnss
290 3086 311 3163 ).
327 3096 378 3149 En.
628 3095 895 3149 sarriettenominaut.
910 3096 1032 3168 Pingitur
1051 3116 1066 3152 a
1084 3094 1140 3151 Do·

115 3194 140 3229 s.
169 3176 302 3228 Paneuen.
325 3172 459 3239 Quoniam
490 3173 585 3245 panaci
628 3170 736 3239 donno,
750 3193 777 3245 p.
795 3176 860 3229 aas.
869 3176 1022 3247 Thymbra,
1036 3180 1138 3251 p.287.

75 3252 254 3309 heracleotico
264 3267 291 3307 et
303 3252 404 3307 viribus
421 3251 509 3305 simile
530 3264 585 3321 est,
628 3252 778 3325 Utramque
789 3254 871 3325 Regio
883 3252 911 3308 in
924 3256 1003 3309 horto
1013 3256 1140 3313 vidimus.

77 3331 585 3405 etradiceatquecaule‚iuquitDiosc.
629 3332 769 3403 Thymbra
804 3332 832 3385 in
865 3333 969 3389 Graecis
998 3336 1142 3408 frequens,

76 3411 94 3465 Ι.
107 3413 126 3466 i.
140 3414 233 3467 Haeo.
629 3412 797 3483 maximeque
807 3412 836 3464 iu
850 3412 934 3478 Chio,
953 3428 1018 3468 teste
1032 3418 1141 3490 Anguil-

114 3492 141 3547 3.
167 3492 294 3547 emmas.
315 3490 471 3545 Graecorum
491 3490 584 3544 incon·
630 3492 701 3557 lara,
712 3504 780 3562 part.
796 3508 842 3557 as,
856 3511 883 3565 p.
894 3493 1058 3550 subflauo.

76 3572 197 3626 stantiam
211 3572 239 3625 iu
251 3570 419 3641 assignandis
433 3569 585 3642 plantarum
669 3572 714 3624 LI.
726 3571 890 3643 1.I.epids‘uur.
898 3574 996 3637 Gallis,
1001 3594 1139 3649 passeruge.

75 3651 230 3705 nominibus
262 3651 351 3705 obiter
386 3648 502 3717 indicat,
531 3668 586 3703 non
630 3650 739 3704 iconem
770 3647 832 3703 vide
854 3650 927 3723 apud
950 3651 1140 3723 Dodonsum,

76 3748 265 3805 usquequaque
289 3732 427 3803 approbat.
459 3728 495 3782 Et
521 3730 586 3783 t'aiso
630 3748 690 3802 pag.
707 3738 843 3800 704:nos
864 3732 981 3803 plantam
1002 3734 1087 3805 ipsam
1111 3737 1140 3791 iu

77 3810 183 3880 quidem
193 3811 288 3865 cuniie
299 3808 408 3863 bubulas
420 3828 519 3863 nomen
531 3826 586 3863 esse
629 3810 711 3863 horto
722 3810 806 3882 Regio
817 3808 943 3865 vidimus.
955 3814 1045 3867 Hasn.

76 3888 197 3963 ligustico
224 3889 353 3954 inditum,
367 3888 465 3943 diserte
477 3901 584 3951 monet,
673 3910 698 3942 u.
712 3889 790 3942 luen
803 3904 900 3943 terram.
913 3892 1019 3946 Colum.
1030 3896 1089 3962 XI,
1104 3896 1118 3950 3
1133 3917 1139 3949 ε

77 3969 121 4023 iib.
133 3972 203 4035 XX,
215 3974 260 4024 60.
276 3968 366 4023 utun.
634 3994 645 4017 ι
658 3967 802 4043 Lepidiuut
811 3972 883 4024 reiut
889 3991 1002 4044 porrum
1013 3978 1142 4030 sectirutn

116 4049 265 4113 Adrasteia
274 4050 349 4102 dictu.
358 4047 496 4119 Thymbra
506 4047 586 4119 igitur
630 4046 765 4103 demetere
784 4050 902 4119 poteris,
926 4054 1011 4106 rarius
1030 4066 1141 4120 tamen.

78 4131 194 4198 semim,
210 4142 237 4185 et
251 4142 363 4202 utraque
384 4126 470 4181 affinis
490 4128 583 4182 alteri:
628 4142 696 4183 etc.»
711 4126 800 4183 hino.
