2925 5009
329 465 398 538 312
596 467 636 538 C.
662 467 832 540 PLINII
856 464 964 538 NAT.
990 463 1124 534 HIST.

322 601 619 698 jumentorumque
636 600 869 698 progeneratio
889 623 986 670 suurn
1005 599 1128 691 cuique
1145 591 1310 665 consilium
1326 594 1385 664 da-

327 708 377 777 bit
385 692 423 791 ³⁶,
437 707 565 802 optimo
583 702 726 778 rriaxinre
742 707 980 802 quadrigarum
996 717 1137 798 quaestu.

217 891 222 902 ,
295 839 306 874 1
380 814 541 884 LXVIII.
560 810 759 884 solstitium·
778 814 892 910 peragi
908 812 943 880 in
955 825 1073 881 octava
1087 821 1183 904 parte
1200 807 1337 892 Cancri,
1352 819 1386 874 et

326 933 447 990 octavo
472 917 629 990 kalendas
646 918 718 1013 julii
739 919 894 988 diximus.
924 919 1069 1012 Magnus
1094 917 1152 984 bic
1171 915 1247 983 euni
1268 911 1386 996 cardo,

327 1049 448 1122 magna
461 1049 514 1095 res
526 1026 651 1095 mundi.
670 1029 711 1094 In
729 1027 797 1096 hoe
816 1048 922 1120 usque
940 1047 962 1093 a
978 1023 1099 1092 bruma
1114 1021 1187 1091 dies
1202 1031 1385 1104 creverunt,

327 1155 385 1200 sex
408 1131 585 1202 mensibus.
612 1130 670 1203 Sol
691 1133 762 1228 ipse
781 1131 824 1202 ad
850 1128 1044 1225 Aquilonem
1069 1125 1251 1211 scandens,
1272 1149 1307 1192 ar
1327 1148 1387 1218 per

326 1235 431 1307 ardua
451 1239 566 1308 enixus
580 1237 623 1308 ab
641 1262 681 1308 ea
700 1253 789 1310 mets
808 1238 924 1332 incipit
943 1236 1051 1321 flecti,
1070 1248 1104 1304 et
1125 1231 1252 1328 digredi
1269 1230 1307 1299 ad
1315 1234 1384 1298 Au-

328 1355 456 1428 strum,
475 1358 634 1414 aucturus
649 1359 765 1415 noctes
781 1344 853 1414 aliis
874 1367 932 1414 sex
950 1341 1143 1428 mensibus,
1160 1337 1385 1429 ablaturusque

295 1447 394 1518 adici
417 1473 619 1520 mensuram.
647 1451 699 1520 Ex
723 1451 790 1521 boc
810 1448 930 1521 deinde
952 1447 1102 1546 rapiendi
1124 1442 1384 1535 convehendique

326 1553 455 1625 fructus
471 1554 554 1628 alios
570 1570 668 1651 atque
684 1555 767 1627 elios
785 1571 936 1652 tempus,
954 1569 989 1624 et
1005 1551 1216 1648 praeparandi
1228 1575 1263 1619 se
1277 1562 1384 1618 oontm

327 1683 446 1731 saevem
468 1661 639 1756 feramque
660 1663 830 1734 hiemem:
848 1661 1053 1754 decebatque
1069 1659 1137 1728 hoo
1153 1658 1323 1727 discrimen
1337 1656 1383 1722 in·

326 1765 483 1836 dubitatis
503 1769 591 1838 notis
613 1769 759 1863 signasse
779 1783 946 1838 naturam.
961 1769 1074 1857 Quam
1097 1765 1144 1834 ob
1162 1788 1234 1833 rem
1251 1787 1303 1832 eas
1319 1784 1384 1830 rna·

326 1871 425 1942 nibus
448 1873 527 1969 ipsis
546 1873 770 1969 agricolarum
790 1875 945 1969 ingessit,
961 1873 1113 1966 vertique
1136 1872 1237 1964 jussit
1255 1870 1321 1963 ipsa
1335 1865 1384 1934 dic

328 1976 425 2065 solia,
440 1993 475 2046 et
491 2003 562 2049 esse
575 1979 738 2051 confecti²
752 1981 867 2052 sideris
885 1981 1016 2074 signum
1031 2003 1040 2046 ε
1056 2001 1120 2046 nec
1137 1975 1329 2046 silvestrium
1342 1995 1384 2039 ar

327 2081 448 2153 borum
474 2099 764 2181 remotarumque,
791 2111 834 2156 ne
861 2087 896 2154 in
923 2085 1026 2155 saltus
1055 2083 1172 2152 devios
1203 2095 1384 2171 montesque

328 2189 475 2258 eundum
492 2205 579 2260 esset
595 2193 819 2286 querentibus
833 2193 942 2287 signa:
958 2215 1027 2260 non
1042 2213 1158 2258 rursus
1176 2187 1382 2265 urbanarum,

329 2308 363 2364 et
379 2319 453 2390 quae
469 2299 612 2394 topiario
625 2312 755 2369 tantum
770 2297 941 2384 ooluntur,
962 2319 1153 2391 quanquam
1173 2309 1208 2364 et
1223 2295 1259 2362 in
1277 2291 1324 2360 his
1336 2287 1383 2358 illa

295 2419 311 2472 3
329 2389 492 2472 visuntur.¹
505 2405 614 2474 Vertit
629 2403 709 2474 oleae
723 2403 917 2500 antepedes
932 2417 1029 2486 sntae,
1045 2402 1146 2472 vertit
1158 2399 1236 2470 tiliae
1252 2398 1293 2467 ad
1306 2394 1383 2465 mille

330 2531 409 2577 usus
426 2508 600 2603 petendae:
627 2512 728 2580 vertit
751 2509 866 2606 populi
888 2508 971 2579 albo
1001 2509 1101 2577 etiam
1126 2505 1249 2574 vitibus
1275 2517 1381 2598 nuptae.

328 2611 449 2682 Adhuc
479 2639 618 2710 parurn,
644 2617 773 2710 inquit:
796 2615 924 2686 ulmum
946 2615 1015 2683 vite
1040 2613 1188 2682 dotatam
1215 2611 1316 2680 habes
1331 2635 1338 2676 :
1354 2619 1381 2674 et

327 2715 427 2813 hujus
444 2735 583 2790 vertam.
603 2707 747 2792 Pabulo³
765 2721 843 2794 folia
860 2721 932 2814 ejus
951 2720 1105 2814 stringis,
1125 2720 1228 2788 vitem
1246 2717 1381 2812 deputes

369 2907 415 2964 36.
434 2909 567 2966 Consilium
581 2913 663 2977 datu,
680 2925 733 2968 ete.
748 2913 793 2968 Sic
805 2932 839 2967 ex
882 2911 989 2984 inquit,
1001 2924 1029 2966 et
1039 2909 1170 2965 creditum
1181 2923 1238 2976 est,
1249 2905 1381 2962 iolia'olu·

328 2989 407 3045 MSS.
421 3007 473 3046 em.
488 2990 571 3046 ilerd.
588 2993 753 3047 roonsiIiurn
764 2992 841 3046 dabit
882 3011 944 3046 rum
957 2990 1084 3045 arborum
1099 2991 1217 3044 brumali
1231 3002 1259 3043 et
1270 2981 1380 3042 „temti

328 3071 479 3142 optimum,
492 3072 608 3125 mxime
621 3098 632 3119 ·
643 3072 692 3126 Gr.
700 3084 726 3126 et
735 3072 777 3126 At.
786 3073 839 3125 En.
884 3070 929 3124 die
945 3071 1066 3124 converti
1079 3089 1087 3122 ς
1103 3082 1131 3124 et
1144 3065 1288 3141 qnoe‘psrs
1302 3080 1379 3120 eorum

368 3149 496 3203 LXVIII.
515 3167 540 3205 r.
556 3150 691 3205 Sobtitr'rurr
708 3155 797 3222 peragi
815 3154 842 3203 irs
885 3149 1178 3221 foeminferiorrtque
1190 3149 1380 3211 exaltionem

329 3241 414 3283 ocrem
421 3240 541 3298 pam...
552 3231 664 3286 dutum.
676 3231 753 3284 Libri
762 3231 843 3302 hujus
885 3247 964 3302 snpra
975 3229 1035 3281 lieri
1048 3241 1127 3301 utque
1136 3229 1239 3300 exponi
1249 3226 1284 3281 sd
1292 3224 1379 3282 oculu·

329 3325 388 3381 cop.
403 3306 448 3375 59.
459 3307 550 3364 Haeo.
886 3321 913 3362 et
931 3308 968 3362 sd
987 3307 1084 3374 solem,
1107 3307 1182 3380 qnod
1199 3309 1278 3361 nobis
1290 3316 1380 3378 qttoqttt

372 3409 398 3442 a.
414 3389 452 3439 Er
463 3407 513 3440 esso
525 3391 636 3457 consecti.
651 3389 774 3443 contecti
788 3390 841 3466 sol5
885 3388 967 3442 semet
978 3401 1059 3459 atque
1069 3388 1167 3441 iterum
1178 3387 1296 3458 experiri
1306 3383 1379 3453 yolo·

329 3466 404 3522 stitii.
426 3466 469 3520 Sic
487 3467 570 3534 xvi,
591 3469 627 3522 36
644 3487 651 3521 :
675 3468 798 3522 eldirum
813 3468 842 3527 in
885 3468 958 3521 tibus
972 3467 1009 3519 ita
1026 3483 1082 3520 esse
1098 3465 1298 3538 propemodum
1310 3463 1378 3516 rim

329 3546 424 3618 primis
442 3544 487 3612 id,
511 3545 584 3618 quod
601 3548 689 3613 ulmo,
702 3548 841 3620 tiliaeque,
885 3559 934 3602 est.
948 3573 960 3594 ·
978 3543 1055 3598 Adde
1067 3557 1096 3598 et
1110 3547 1200 3600 Sobel.
1221 3541 1342 3599 Nicandri
1356 3538 1378 3590 i!

330 3626 449 3692 etoleae,
468 3637 495 3679 et
507 3627 611 3698 populo
626 3627 709 3694 elbo,
730 3627 843 3681 crealici
885 3625 969 3680 Ther.
989 3645 1017 3697 p.
1042 3624 1077 3677 32
1098 3615 1229 3680 :linuit
1249 3624 1283 3677 τὰ
1301 3613 1377 3694 ptari

329 3705 427 3760 evenit.
449 3703 674 3778 Cimumtguntur
690 3709 762 3760 ertIm
779 3705 843 3760 toli·
884 3707 1035 3775 turpinus
1044 3704 1096 3758 durs
1106 3705 1157 3772 Ιχιι
1167 3707 1191 3758 tv
1203 3707 1284 3776 dipsa<
1292 3693 1377 3773 rimi

329 3803 420 3838 earum
443 3797 504 3855 post
528 3784 669 3840 solstitium
692 3805 699 3838 ε
720 3803 771 3840 nec
788 3785 843 3839 alio
884 3781 916 3838 δὲ
929 3787 1040 3855 potum
1057 3791 1186 3854 χιιμῦνος.
1199 3785 1290 3838 Hirro.

329 3875 485 3934 argumento
495 3865 594 3918 certius
603 3865 761 3936 intelligitur
769 3863 843 3918 sidus
927 3865 955 3917 3.
974 3864 1079 3916 Pabula.
1103 3863 1302 3917 Jnmentorom.
1322 3853 1378 3908 Vile

328 3943 490 3998 confectum.
503 3965 514 3989 ι
527 3943 684 3998 Videetiam
692 3945 842 3998 Varronem
885 3961 947 4016 quo
960 3941 1077 3996 diximus
1091 3943 1177 4006 XVI,
1203 3942 1378 4009 asstringat

328 4021 363 4075 de
374 4023 414 4075 Ile
428 4024 505 4078 Rust.
521 4024 548 4087 1,
569 4027 620 4090 463
642 4024 762 4086 Gellium
774 4043 841 4095 quo·
886 4022 1042 4094 porroiolia
1057 4022 1111 4077 diei
1124 4016 1377 4093 prodeeuteretrdt·

328 4119 380 4172 que
390 4101 449 4166 tx,
463 4120 498 4172 7:
518 4102 635 4175 aVulgo
650 4117 676 4158 et
693 4104 839 4175 scriptum,
886 4103 974 4158 titium
991 4117 1039 4156 est.
1061 4101 1194 4174 Virgilius
1213 4102 1243 4156 in
1267 4097 1376 4168 fflossltss
