2925 5009
261 446 336 533 646
660 442 934 525 EXCURSUS

259 580 348 623 sutest
361 569 453 623 evenit
465 588 501 624 ex
516 588 550 623 eo
565 570 641 644 qsorl
654 572 791 644 exprimis
807 574 862 645 opii
875 572 985 629 duribus
998 573 1143 645 assumptis
1157 574 1261 645 sanguis
1273 592 1326 625 cer·

260 670 319 711 tunt
334 655 477 730 melent
496 657 637 714 liuiditstis
656 658 771 731 gradoni
793 658 974 733 sdipisretnr,
990 680 1073 734 quesn
1093 660 1187 715 eadent
1200 659 1270 713 dosis
1282 680 1328 714 su·

259 764 323 817 gese
336 746 438 819 nequit.
454 746 602 819 Super-linis
618 748 689 801 enisu
704 749 842 819 ssnguin'is
860 750 1034 803 mamantis
1045 768 1097 823 per
1114 748 1224 804 sudores
1235 748 1277 801 rel
1287 767 1332 819 per

259 834 492 905 trsnspirutiouetn
511 836 658 902 exhalatis,
677 838 822 911 ungitines
844 838 929 891 moles
952 838 1116 899 imminute,
1137 854 1194 889 non
1219 836 1333 909 emplius

259 923 370 977 atterius
382 921 453 977 sileo
466 922 608 987 distendit,
625 937 658 979 ut
679 944 778 980 nervos
796 927 973 998 comprimere
992 927 1080 981 valeat
1103 924 1140 978 sd
1155 942 1278 978 nmnutn
1292 924 1332 977 in·

258 1009 426 1065 duoeudutn.
438 1012 497 1065 Nee
511 1011 606 1066 sedern
622 1013 680 1086 opii
693 1013 783 1085 portio
802 1014 903 1069 suflicit
916 1012 949 1067 sd
967 1014 1078 1067 srterins
1089 1010 1127 1065 ud
1143 1010 1334 1084 equuleum
1438 1034 1440 1037 ·

258 1097 421 1170 pliturliuetn
437 1099 617 1168 attollendum
629 1104 715 1173 mejor
726 1101 783 1174 opii
800 1102 933 1173 quentitss
946 1100 1093 1173 requiritur
1112 1098 1148 1152 sd
1163 1098 1335 1171 sanguineum

259 1185 358 1239 molent
372 1188 483 1241 ulterius
494 1187 651 1241 solvendum
660 1199 687 1241 et
696 1188 922 1250 arefaciendam,
932 1199 959 1241 et
971 1186 1081 1261 quidem
1094 1186 1180 1257 mugit
1189 1204 1223 1240 tc
1237 1188 1335 1258 mgb,

258 1272 346 1328 donee
358 1292 466 1330 omnm
487 1274 648 1331 fluiditstens
664 1275 816 1348 possibilem
839 1276 1008 1350 requisiverit
1021 1293 1029 1329 z
1043 1288 1109 1329 tuno
1128 1276 1202 1328 euim
1224 1275 1336 1346 stuplio·

259 1380 301 1416 res
317 1362 373 1435 opii
397 1363 476 1419 doses
493 1364 576 1437 turgis
595 1384 628 1419 se
650 1366 736 1439 uirgis
753 1376 901 1419 oreseemes
925 1382 981 1417 non
1007 1364 1124 1436 amphus
1143 1382 1270 1417 somnum
1294 1382 1334 1415 sr-

261 1463 380 1507 renunt.

195 1591 209 1613 ,
294 1540 365 1611 Opio
378 1541 463 1594 nimis
484 1541 543 1596 dosi
567 1554 725 1615 assumpto,
749 1554 777 1595 et
791 1553 905 1596 tnurtenr
924 1540 1092 1613 pretioribus
1112 1540 1336 1613 symptomtibns

259 1628 392 1683 ninitsuti
408 1628 566 1696 medentur,
579 1632 666 1703 primo
676 1648 751 1685 reuss
762 1631 880 1684 sectione
894 1642 920 1684 et
929 1630 1044 1685 emetioo
1058 1628 1268 1683 meditamento.
1281 1628 1335 1681 llos

259 1735 316 1770 uon
329 1718 417 1771 solutu
431 1720 486 1791 opii
498 1720 619 1793 reliquie
632 1720 662 1773 in
675 1718 825 1773 ventriculo
843 1720 998 1792 superstites
1012 1718 1175 1791 rejiciuntur
1183 1758 1191 1781 ‚
1199 1718 1246 1771 sed
1257 1718 1333 1771 etism

258 1805 375 1861 vomitus
389 1806 530 1863 ooustibus
541 1826 662 1861 nervose
673 1807 861 1861 succutiuntur
875 1808 1052 1868 membrsnsr,
1061 1819 1088 1859 et
1101 1806 1152 1859 illis
1165 1806 1334 1860 enormibus

257 1896 400 1966 spirituum
419 1895 455 1949 sd
471 1908 560 1968 pestes
581 1896 700 1951 :illusus
716 1895 848 1949 inhibitus
866 1896 1035 1950 restituitur:
1052 1896 1096 1949 ills
1114 1914 1181 1949 vero
1202 1914 1265 1948 ress
1278 1914 1335 1947 san·

258 1984 353 2055 geistes
370 2004 387 2038 s
404 1986 534 2059 nngnim
550 1986 654 2041 rsriore
673 1988 745 2039 lacto
759 1986 829 2039 ultre
855 1984 967 2038 modum
990 1984 1108 2038 distensa
1130 1995 1292 2045 recusutur,
1310 1995 1335 2036 et

256 2069 292 2123 sd
305 2071 413 2127 solitum
423 2071 587 2127 diametrum
603 2074 779 2128 reducuntur.
789 2077 830 2127 De
841 2086 958 2145 utroque
971 2070 1001 2125 id
1014 2072 1155 2142 inprimis
1170 2071 1333 2133 ostendum,

261 2174 290 2213 ut
304 2160 375 2214 sires
387 2172 491 2216 untur·
504 2161 594 2215 edhno
612 2174 755 2229 oonstent;
770 2162 836 2215 elius
859 2164 935 2237 pejus
948 2161 1059 2215 fortusse
1078 2160 1149 2213 foret
1166 2158 1239 2212 mulo
1252 2178 1335 2213 tenre-

259 2245 346 2301 diunt.
359 2247 464 2303 Ueinde
481 2250 638 2319 potionibus
649 2249 752 2313 scidis,
768 2268 799 2303 ex
816 2251 905 2304 suecis
922 2248 999 2315 uitri,
1012 2248 1076 2301 uttli
1096 2248 1231 2313 aurentii,
1247 2266 1335 2319 greno-

259 2353 321 2387 rurn
341 2336 500 2391 ribesiorum
512 2374 521 2401 ,
535 2348 630 2403 sesto,
649 2337 786 2409 spiritibus
804 2338 905 2391 ritrioli
924 2349 975 2391 unt
997 2335 1158 2409 sulphuris:
1174 2334 1332 2409 sulphnrum

261 2423 334 2476 enisu
356 2425 514 2497 expensioni
531 2426 653 2491 obstent,
674 2426 783 2479 illorum
801 2425 856 2479 vim
878 2435 1019 2491 coereent,
1041 2434 1068 2477 et
1085 2424 1217 2477 rariorem
1238 2424 1333 2477 fretum

260 2512 418 2585 sanguinent
432 2527 542 2585 coguut.
553 2515 686 2586 Clysteres
698 2513 813 2567 seriores
825 2510 1129 2586 injiciuntur,pyrethri
1139 2524 1185 2565 sut
1195 2510 1333 2583 euphorbii

260 2600 425 2671 pulvisculus
437 2602 548 2657 nuribus
563 2601 730 2669 insufflatur,
742 2600 810 2655 seles
826 2601 947 2655 volatiles
967 2602 1041 2655 intus
1056 2611 1221 2654 sumuntur:
1234 2601 1333 2652 resice-

261 2689 345 2754 toris,
357 2689 492 2761 sinspismi
499 2728 507 2751 ,
514 2702 543 2744 et
553 2689 710 2763 epispssties
720 2687 913 2743 medianensi
926 2688 1026 2761 plsnlis
1036 2686 1141 2760 pedum
1154 2698 1202 2740 sut
1214 2686 1275 2740 intes
1285 2706 1334 2741 oer-

261 2778 312 2831 riei
329 2778 472 2849 impositu,
491 2780 555 2833 iteut
572 2778 765 2842 eucurbitulss,
781 2776 999 2840 wsrilicstiones,
1019 2776 1155 2839 ustiones,
1178 2778 1333 2845 punctiones

261 2878 289 2920 et
301 2866 441 2921 irietioms
451 2866 616 2934 dolorites,
631 2866 746 2921 feliciter
762 2864 934 2919 adhibentur.
953 2866 1002 2919 llis
1019 2864 1090 2917 enim
1103 2862 1232 2917 remediis
1252 2882 1332 2916 mem·

259 2956 357 3009 brsnss
374 2972 501 3009 umores
518 2954 621 3009 fortiter
641 2952 841 3009 stimulsutibus
865 2952 920 3007 villi
943 2952 1156 3015 concutiuntur,
1172 2950 1282 3020 spiritus
1301 2948 1332 3003 sd

261 3055 353 3114 pestes
371 3042 468 3115 rnsjori
484 3041 563 3115 copis
580 3042 752 3107 allabuntur,
764 3040 879 3114 portium
894 3052 973 3094 tonus
985 3038 1151 3105 restituitur,
1164 3038 1247 3092 fluide
1260 3056 1332 3092 eune·

261 3132 329 3185 liunt
341 3148 435 3184 renum
449 3130 544 3184 lortius
555 3148 657 3203 presse,
675 3148 728 3203 qus
749 3130 813 3185 dett
830 3141 908 3203 ports
924 3138 1023 3191 ruunt,
1037 3127 1198 3182 ueretiones
1210 3138 1237 3179 et
1247 3144 1332 3179 escre-

261 3228 347 3269 nones
362 3226 547 3268 restituuntur·

297 3298 409 3351 Veteres
424 3297 470 3367 qui
482 3298 574 3370 opinus
597 3296 798 3369 frigidissimum
814 3314 871 3351 esse
883 3296 1095 3360 arbitrabuntur,
1114 3294 1182 3349 illud
1201 3294 1332 3367 corrigere

260 3392 397 3435 tentarunt
412 3380 505 3434 calidis
522 3381 722 3436 mediostnentis
741 3392 768 3435 et
788 3382 959 3452 eoagulatntn
977 3382 1132 3453 sauguinem
1157 3380 1330 3433 solventibus.

260 3470 331 3523 ilino
343 3468 476 3533 therinus,
489 3468 703 3534 Mithridstium,
715 3469 888 3533 Philonium,
903 3484 928 3521 et
940 3468 999 3522 tliss
1012 3468 1108 3539 opistsr
1117 3467 1332 3538 compositiones.

261 3558 450 3613 Recentiorum
468 3576 534 3613 vero
555 3558 754 3631 unnsquisque,
774 3570 855 3630 prout
872 3558 906 3612 de
924 3556 988 3629 opio
1008 3555 1114 3611 diverse
1134 3556 1279 3618 sentiebat,
1294 3554 1332 3609 di-

262 3665 352 3718 verses
366 3647 438 3701 illius
455 3647 620 3719 tempersndi
646 3648 764 3702 rationes
783 3646 908 3701 instituit.
926 3646 980 3699 Alii
997 3656 1120 3700 castoreo
1137 3656 1163 3698 et
1179 3662 1263 3699 eroeo
1279 3649 1331 3716 ejus

262 3737 318 3789 rim
340 3735 501 3789 nurootiosm
519 3734 740 3790 emendentzslii
762 3749 856 3803 noeto,
873 3753 954 3790 succo
967 3734 1044 3798 uitri,
1063 3732 1160 3807 spiritu
1174 3733 1272 3786 ritrioli
1292 3733 1331 3788 rel

261 3822 416 3895 sulphuris,
434 3836 482 3877 sut
505 3823 637 3879 similibus
654 3822 738 3879 scidis
758 3823 908 3896 liquoribus
921 3840 928 3876 :
941 3823 986 3877 ulii
1008 3822 1107 3877 salibus
1128 3820 1260 3885 sloslicis,
1277 3834 1331 3873 tutu

262 3912 322 3967 lixis
333 3949 342 3977 ,
361 3923 419 3965 tum
432 3912 586 3968 volutilibus
599 3931 608 3967 ε
620 3911 668 3967 stit
685 3912 782 3984 spiritu
795 3912 870 3977 vini,
884 3930 951 3983 uque
969 3912 1047 3975 viter,
1066 3910 1144 3975 rino,
1156 3920 1202 3961 tut
1214 3908 1272 3961 aliis
1283 3909 1332 3961 ier·

265 4001 388 4055 mentitis
405 4000 558 4073 liquoribus
572 4000 637 4054 :alii
650 4000 708 4073 ipss
722 4000 943 4053 fermentatione:
957 3998 1001 4051 elii
1014 3998 1076 4069 igne
1094 4008 1121 4050 et
1135 3996 1329 4050 torrefactione.

259 4086 380 4150 Verum,
398 4084 618 4159 qutuudoquidetn
632 4084 727 4158 opium
747 4102 800 4139 non
815 4083 994 4156 prescribitur
1007 4082 1059 4137 nisi
1072 4080 1106 4135 td
1124 4098 1248 4135 somnum
1268 4096 1331 4133 eun·
