2925 5009
486 471 646 540 LIBER
677 473 760 541 XX.
1081 469 1155 544 505

84 619 181 690 sunt,
194 603 289 724 quod
304 601 421 674 oculos
437 603 594 690 hebetat,
616 603 803 674 inflationes
824 603 922 692 lacit,
946 605 1155 676 stomachum

85 709 174 782 ledit
196 713 366 806 copiosius
391 724 579 805 sumptum,
598 713 686 780 sitim
707 713 822 806 gignit.
847 699 1007 782 Cratero*
1038 727 1155 782 contra

84 819 260 936 pituitam,
277 833 312 886 et
329 815 460 912 gallinis
482 832 517 886 et
539 815 728 912 gallinaceis
750 816 885 912 prodest
906 819 1044 888 mixtum
1068 819 1156 890 farre

85 925 118 992 iu
128 925 217 993 cibo.
235 927 393 993 Iumenta
407 926 538 992 urinam
554 922 707 1010 reddere,
720 938 820 1018 atque
834 949 902 994 nou
921 927 1069 1019 torqueri
1088 941 1155 995 tra·

85 1027 188 1116 dunt,
206 1031 235 1100 si
252 1031 333 1100 trito
342 1016 493 1098 natura⁴²
512 1043 679 1124 tangatur.

105 1138 265 1206 XXIV.
289 1132 376 1221 (vu.)
408 1133 581 1206 Lactueae¹
604 1149 723 1230 sponte
749 1136 919 1206 nascenti!
939 1137 1083 1256 primum
1103 1151 1186 1206 esta

84 1266 190 1336 genus
205 1242 298 1335 ejus,
316 1239 429 1336 quaur’
451 1243 622 1336 caprinam
640 1255 780 1328 vocant,
802 1267 865 1336 qua
882 1243 988 1337 pisces
1008 1243 1041 1311 in
1064 1267 1156 1312 mare

84 1348 214 1480 dejecta
233 1349 386 1443 protinus
403 1363 585 1432 necantur,
613 1350 670 1442 qui
693 1361 772 1417 sunt
795 1350 828 1416 in
854 1349 1015 1443 proximo.
1049 1349 1156 1443 Hujus

84 1441 154 1524 lac³
176 1456 376 1549 spissatum,
400 1477 479 1522 mox
499 1455 534 1521 in
552 1469 650 1524 aceto
669 1453 817 1549 pondere
838 1453 1012 1524 obolorum
1032 1454 1156 1538 duum,

84 1560 217 1654 adjecto
229 1584 324 1654 aquae
336 1585 405 1630 uno
419 1559 560 1653 cyatho,
577 1559 768 1697 hydropicis
785 1559 892 1628 datur.
908 1560 1012 1630 Caule
1022 1575 1056 1630 et
1072 1559 1157 1630 loliis

85 1668 252 1752 contusis,
266 1691 402 1760 asperso
413 1664 498 1752 sale,
507 1653 616 1734 nervil
634 1692 727 1736 incrsr
739 1681 906 1736 sanantur
928 1653 1067 1736 Eadem⁵
1080 1667 1156 1736 trita

83 1797 124 1841 ex
145 1787 265 1860 aceto,
289 1771 411 1842 colluta
433 1772 603 1842 matutinis
620 1772 672 1844 bis
689 1797 820 1860 mense,
839 1771 988 1842 dentium
1006 1771 1156 1842 dolorem

84 1879 275 1974 prohibent.

132 1987 251 2054 XXV.
283 1983 434 2053 Alterum
459 1998 510 2054 est
532 2009 636 2079 genus
657 1983 749 2078 quod
776 1985 886 2055 Graeci
918 2009 1070 2080 caesapon
1098 2009 1188 2054 vor

83 2090 195 2161 cant¹.
218 2092 328 2184 Hujus
342 2089 421 2158 folia
436 2091 526 2175 trita,
549 2104 583 2159 et
602 2115 679 2160 cum
696 2089 832 2186 polenta
852 2090 951 2178 illita,
967 2089 1158 2161 hulceribus

124 2293 174 2350 41.
198 2285 303 2357 Caura.
315 2283 386 2338 Vide
406 2302 467 2356 quo
483 2283 601 2338 diximus
643 2284 775 2356 paralium
807 2298 923 2352 vocant,
957 2285 1159 2358 purgationibus

81 2366 130 2420 lib.
145 2366 193 2428 X,
209 2384 268 2436 cap.
284 2365 332 2435 78.
348 2362 439 2414 Ηιιυ.
643 2377 751 2435 aptum,
765 2362 865 2436 dequo
878 2365 923 2418 lib.
935 2365 1038 2418 xxvt.
1054 2366 1157 2420 Plinius

123 2453 174 2511 aa.
190 2445 296 2498 Nauem,
312 2443 421 2496 Naturae
435 2461 535 2496 nomeu
549 2461 600 2512 pro
642 2445 699 2514 ipee
715 2441 834 2514 ejusdem
850 2445 994 2510 lib.XV1,
1009 2445 1044 2513 39
1059 2464 1067 2498 :
1086 2471 1097 2493 ι
1109 2445 1156 2498 Ti·

79 2525 244 2597 genitalibus
268 2536 401 2594 ruurpat,
430 2521 600 2576 verecundiae
642 2523 790 2593 thymaluru
805 2524 889 2577 nostri
900 2525 1010 2578 herbam
1024 2525 1157 2578 laturiam

81 2623 175 2659 mnu.
188 2602 261 2657 Vide
273 2603 383 2656 interius
394 2602 492 2666 xm,
506 2602 560 2670 153
574 2614 601 2656 et
642 2603 1153 2674 roccataliiluctucamrepelbamur,-

81 2684 254 2754 Doungium
269 2681 304 2735 ud
323 2684 378 2736 boc
390 2682 484 2734 vocab.
497 2681 545 2734 ubi
557 2699 600 2734 re·
643 2681 678 2734 ΙΙ.
693 2713 732 2723 -
747 2683 787 2736 De
799 2701 829 2736 eu
844 2701 901 2754 sup.
916 2683 961 2737 lib.
976 2682 1089 2736 dictum.
1103 2683 1156 2736 En.

81 2777 175 2818 omitt
188 2763 262 2827 illos,
273 2763 321 2834 qui
333 2780 367 2814 eo
379 2773 502 2815 utuntur.
519 2761 571 2813 En.
684 2760 712 2812 3.
727 2761 809 2830 Hujus
820 2763 866 2814 loe.
883 2763 970 2816 Dieuc.
983 2763 1025 2827 II,
1039 2781 1067 2834 p.
1087 2765 1157 2826 166,

124 2843 231 2896 xxtV.
246 2860 271 2894 ι.
288 2843 401 2894 Iactum
410 2851 494 2910 sponte
504 2859 601 2892 ιιιιιειιι-
642 2839 775 2894 benevim
787 2837 906 2894 eumdem
916 2841 1023 2896 lactucae
1034 2842 1158 2895 silvestris

83 2926 134 2989 tir,
148 2920 337 2986 etofloeeat,
355 2919 496 2982 silvestria,
509 2937 599 2991 quaa
642 2921 705 2974 lacti
726 2918 868 2984 adscribit,
894 2919 1073 2992 eumdemque
1101 2921 1157 2974 lere

81 3002 167 3056 autin
180 2999 268 3055 dietat
284 3001 379 3054 Iliun.
642 2997 725 3053 dandi
736 2997 846 3052 modum
858 2999 1095 3070 imperat:lrctucte
1103 3019 1157 3054 tua·

126 3103 153 3134 a.
175 3083 265 3151 Qum.
285 3079 361 3132 Hauc
378 3097 411 3132 eo
424 3077 534 3131 nomine
545 3080 600 3148 jam
643 3081 707 3134 riute
719 3078 828 3142 semini,
840 3079 908 3132 Cels.
922 3079 977 3143 III,
997 3099 1044 3133 ar.
1056 3079 1090 3132 ΙΙ.

83 3161 208 3232 superius
224 3159 366 3224 indicarit,
383 3157 464 3219 nx,
480 3156 527 3226 39.
546 3157 602 3210 tta·
686 3165 711 3220 d.
725 3159 808 3210 Nervi.
824 3157 865 3210 Ad
877 3159 994 3212 bosusus
1004 3157 1155 3212 adhibitum

83 3240 173 3294 riuum
194 3253 271 3293 vocat
294 3239 363 3292 Cela.
386 3237 431 3300 ll,
450 3255 483 3290 ιι
500 3256 508 3289 r
526 3237 602 3289 «La-
642 3255 698 3291 ιιι
712 3237 844 3307 tithymali
857 3255 963 3290 succum
974 3239 1090 3291 Galenus
1101 3239 1156 3309 ipse

83 3332 169 3374 cauco
193 3319 302 3372 marinae
323 3318 378 3379 lae,
398 3315 505 3386 iuquit,
526 3320 601 3387 cujus
643 3315 763 3389 prodidit
775 3316 841 3370 κατὰ
856 3320 930 3386 γίνη,
949 3318 1005 3382 ΙΙΙ,
1030 3337 1055 3370 a.
1071 3317 1103 3370 H.
1119 3341 1155 3350 -

83 3412 158 3470 gutta
170 3399 233 3469 pani
243 3396 343 3469 adjecta
358 3393 465 3450 abunde
476 3410 597 3468 purgat.-
646 3397 724 3450 Caele
737 3407 761 3448 et
770 3397 840 3464 soliis
854 3399 988 3450 coritanis...
1003 3399 1085 3460 nervi,
1104 3409 1156 3448 etc.

84 3481 121 3532 Et
134 3479 194 3542 ΠΙ,
208 3497 261 3542 at,
280 3476 315 3530 de
328 3495 395 3549 aqua
408 3476 479 3528 iuter
492 3488 598 3528 cutem:
644 3477 706 3528 Vet.
718 3495 764 3546 ap.
776 3475 913 3542 Dahcaule
922 3494 981 3527 uero
994 3489 1025 3532 et.
1037 3477 1088 3528 Eu.

84 3557 219 3612 ·I'rodeat
241 3558 321 3610 etiam
343 3558 453 3610 lactuca
475 3554 600 3621 marinae,
684 3555 713 3609 5.
738 3555 841 3608 Eadem.
864 3553 940 3608 Idem
958 3556 1012 3608 lere
1028 3553 1061 3609 de
1074 3555 1157 3626 tithy-

83 3657 145 3710 qun
163 3636 272 3708 grandir
281 3641 354 3707 juxta
368 3635 599 3698 nuscitur,setuen
643 3631 1067 3698 maloDiosc.IV,165.Haun.

83 3735 147 3772 cum
163 3735 233 3788 aqua
253 3717 332 3787 potui
349 3713 448 3768 datum.
463 3739 475 3760 ι
498 3712 599 3767 Eadem
684 3715 771 3767 XXV.
788 3734 812 3769 t.
830 3713 905 3784 Quod
918 3713 1002 3768 Groeci
1013 3733 1099 3785 ascyron
1112 3733 1157 3764 vo·

83 3799 218 3868 τιθὺμιιΙις
238 3809 292 3858 est,
311 3795 349 3848 uti
369 3792 473 3846 dicetur
491 3794 600 3856 XXVI,
643 3807 709 3846 caut.
724 3793 807 3859 Quod
822 3793 908 3847 Greci
923 3792 1156 3864 oeiopon,rioerror

86 3877 133 3945 39.
144 3877 181 3929 Et
196 3875 266 3928 testis
276 3893 384 3946 quoque
399 3873 505 3936 Celsus,
515 3874 552 3936 V,
564 3891 597 3942 7:
643 3887 748 3926 vocant.
763 3874 896 3926 Nimirum
910 3892 987 3926 succo
999 3885 1157 3942 turgentem,

85 3979 98 3999 ι
113 3957 229 4008 Laetum
249 3955 369 4018 marina,
392 3953 493 4024 iuquit,
510 3970 600 4024 quiea
645 3953 694 4005 ἀπὸ
716 3959 759 4005 eri
781 3955 852 4006 ιῖσιιν
872 3955 913 4006 rii
936 3955 1004 4006 leia.
1025 3953 1093 4014 hlii,
1106 3953 1157 4004 ἀπὸ

86 4034 191 4088 Grecis
205 4036 335 4105 τιθὺμιύιις
347 4033 508 4086 nominatur.
521 4057 532 4078 ι
551 4031 603 4102 Igi-
644 4037 688 4093 τῆς
699 4034 771 4094 ἄσης,
784 4031 813 4084 id
825 4045 878 4097 est,
889 4033 1076 4098 tristissimi
1085 4033 1156 4094 ὀποῦ,

85 4126 131 4168 tur
144 4113 213 4168 illud
225 4126 263 4168 est
273 4111 406 4184 tithymali
420 4131 518 4184 genus,
527 4109 601 4183 quod
647 4113 739 4166 ἅσιπιι
757 4111 856 4166 dictam
872 4111 979 4182 volunt,
992 4111 1065 4183 quod
1079 4127 1159 4164 tuero
