2925 5009
503 450 662 516 LlBER
687 448 771 516 XX.
1100 444 1173 539 619

89 580 266 667 diximus,
279 580 485 675 Pythagoras
505 579 729 673 principatum
747 578 870 647 habere
889 602 929 645 ex
945 577 1014 660 his,
1029 600 1172 670 quorum
1282 602 1285 610 ·

92 685 244 755 sublime
260 689 312 756 vis
335 685 471 769 feratur,
488 684 669 777 judicavit,
688 686 844 778 quoniam
868 708 935 752 non
959 680 1047 750 aliud
1070 684 1175 776 magis

91 793 130 860 in
149 816 253 862 nares
271 805 306 860 et
325 791 500 861 cerebmm
522 804 684 883 penetret·
718 789 769 858 td
793 786 1014 885 serpentium²
1036 789 1121 857 ictus
1141 802 1176 856 et

92 900 318 992 scorpionum
331 897 446 966 tritum
462 918 539 963 curn
553 910 649 965 aceto
659 894 806 965 illinitur.
821 878 1032 989 Fungorum³
1047 916 1176 961 venena

92 1004 247 1072 discutit.
262 1004 388 1072 Contra
404 1004 558 1097 pituitam
572 1016 706 1072 tenetur
721 1003 756 1069 in
775 987 864 1087 orel,
877 1000 984 1068 donec
999 998 1175 1093 liquescat,

91 1122 157 1177 aut
178 1110 408 1203 gargarizatur
429 1132 506 1177 cnm
534 1130 622 1201 aqua
638 1106 754 1176 mulsa.
784 1105 834 1175 Ad
852 1105 1001 1175 dentium
1024 1103 1173 1173 dolorem

93 1213 297 1284 manditur:
320 1213 364 1283 ad
383 1197 503 1281 uvam⁵
526 1215 754 1307 gargarizatur
781 1236 858 1283 cum
881 1224 976 1280 aceto
998 1224 1031 1279 et
1061 1208 1169 1279 melle.

94 1306 305 1390 Stomacho⁶
325 1317 533 1387 utilissimum
557 1334 675 1388 contra
698 1319 810 1387 omnia
830 1318 931 1403 vitia,
949 1315 1176 1411 pulmonibus·

95 1449 178 1519 que.
202 1426 457 1494 Exscreationes
475 1423 588 1492 faciles
607 1424 686 1493 lacit
705 1426 740 1492 in
761 1423 835 1492 cibo
858 1436 1053 1516 sumptum:
1077 1421 1176 1489 datur
1256 1462 1266 1483 .

96 1544 133 1599 et
154 1532 360 1623 suspiriosis:
381 1532 459 1598 item
475 1530 716 1599 comitialibus⁷
736 1528 884 1623 tepidum
904 1554 980 1597 cum
995 1550 1095 1596 succo
1113 1552 1175 1595 cu·
1196 1558 1210 1591 a

96 1660 289 1705 cumerum.
314 1622 468 1720 Sensus⁸‚
497 1649 596 1729 atque
618 1636 888 1705 sternutamentis
915 1646 1016 1727 caput
1036 1648 1176 1727 purgat,

96 1740 218 1810 alvum
241 1738 367 1825 mollit,
390 1755 559 1809 menstrua
577 1755 611 1809 et
625 1744 755 1810 urinam
773 1742 848 1809 ciet.
871 1737 1088 1833 Hydropicis⁹
1112 1740 1176 1806 im-

97 1849 343 1953 ponitur'cum
366 1846 431 1917 lico
452 1861 487 1914 et
504 1848 639 1915 cumino
661 1862 772 1915 tusum
794 1848 896 1913 ternis
922 1844 1082 1938 partibus.
1095 1846 1179 1913 ·Co·

145 2038 175 2073 a.
188 2020 236 2071 Aa
249 2017 390 2089 serpentium
403 2022 478 2084 ietru,
495 2032 545 2073 etc.
559 2018 622 2072 Haec
708 2020 735 2072 8.
751 2018 847 2071 Sensus.
862 2018 930 2070 Plin.
950 2016 1041 2070 Valer.
1062 2017 1109 2069 lib.
1131 2018 1182 2081 IV,

99 2098 485 2163 Ptin.vat.·dvesbum,1it›.
499 2098 550 2163 IV,
562 2117 623 2169 cap.
666 2116 724 2167 cap.
747 2099 790 2150 28.
807 2096 897 2149 Hirri.

104 2176 261 2233 28.Hsnn.
709 2196 737 2245 9.
760 2176 914 2247 ttydroptets.
939 2174 1031 2227 Celsus
1055 2189 1179 2245 qnoque,

145 2258 175 2311 3.
186 2256 336 2326 Fungar-nm.
348 2255 418 2309 Plin.
433 2255 494 2308 vet.
509 2256 562 2309 loc.
577 2256 621 2309 cit.
664 2256 711 2309 lih.
725 2256 850 2327 lll,cap.
868 2274 917 2319 ar,
932 2267 958 2307 et
974 2252 1008 2306 ad
1021 2252 1179 2325 hydropises

99 2350 130 2391 et
144 2334 295 2389 Dioscorid.
307 2337 373 2388 Eis.
386 2337 427 2399 11,
442 2352 500 2406 esp.
515 2338 583 2398 160,
596 2348 623 2388 et
665 2336 784 2388 crebrius
802 2334 906 2404 imponi
928 2334 1013 2387 ventri
1031 2334 1115 2403 sinapi
1135 2335 1177 2401 ju-

101 2418 133 2469 in
148 2415 226 2467 Alex.
237 2433 295 2484 cap.
313 2414 357 2468 23.
372 2413 463 2467 litun.
665 2414 818 2479 bet,donec
830 2427 915 2467 cutem
924 2410 1025 2466 erodat.
1034 2412 1179 2481 praeposte-

145 2502 175 2558 4.
192 2494 286 2546 Contra
295 2496 409 2561 pituitam
425 2502 518 2544 tenetur
531 2496 557 2544 r'a
572 2512 622 2546 ore.
665 2511 695 2545 ra
709 2494 925 2565 interpunctione
942 2492 1096 2563 perturbata
1118 2492 1178 2545 hac·

22 2596 25 2601 ·
103 2574 232 2628 Mensam
240 2572 334 2644 capitis
340 2572 463 2644 pituitam
471 2571 550 2624 elicit.
557 2563 624 2624 dna·
665 2584 744 2625 tenus
755 2572 845 2624 omnia
853 2573 904 2624 hoc
916 2572 978 2624 loco
990 2571 1076 2635 luere,
1086 2582 1111 2621 et
1120 2588 1178 2641 quae

100 2653 273 2724 φλιγματίζιι.
286 2650 464 2705 Dioscorides.
475 2652 623 2711 Daruc—
665 2650 822 2723 hydropicis
845 2649 963 2703 adhibita
983 2648 1118 2713 remedia,
1136 2668 1180 2701 ea-

103 2733 210 2786 Coatra.
225 2731 344 2784 Marcell.
361 2730 489 2802 Empiric.
507 2748 567 2800 cap.
582 2748 599 2781 r
614 2746 621 2781 τ
666 2728 727 2783 dem
742 2730 891 2801 epilepticis
904 2728 1039 2781 attributa.
1053 2728 1097 2781 Sic
1108 2728 1178 2781 enim

105 2837 119 2859 ι
135 2810 226 2863 Mettis
241 2821 268 2862 et
288 2810 386 2882 sinapis
409 2810 465 2863 triti
488 2809 623 2879 equaliter
665 2808 817 2879 legebatur:
831 2835 842 2856 ι
856 2806 1018 2878 Hydropicis
1031 2807 1181 2877 imponitur

101 2891 198 2943 mixtu
211 2902 301 2960 partes
316 2890 447 2960 tepefiunt
460 2906 467 2941 :
482 2901 509 2940 et
524 2888 623 2940 humor
665 2904 726 2940 cam
748 2888 799 2942 lico
817 2900 844 2941 et
863 2888 970 2940 cumino
993 2898 1081 2939 tusum
1099 2888 1181 2939 ternis

102 2970 206 3022 inaltus
218 2986 234 3021 e
247 2968 335 3038 cupite
345 2982 406 3039 post
415 2970 521 3039 longam
531 2985 622 3038 garge-
665 2969 789 3038 partibus
810 2966 938 3021 comitiali
955 2966 1069 3018 morbo:
1087 2966 1181 3019 vulva-

102 3047 262 3103 rizationetn
278 3046 428 3101 deducitur.
446 3072 458 3095 ι
475 3047 519 3099 Sic
532 3048 623 3100 Diosc.
665 3066 726 3099 rum
739 3046 914 3100 conversione
929 3044 1068 3098 suffocatas
1085 3046 1182 3098 excitat

103 3127 153 3181 lib.
164 3126 206 3182 11.
219 3144 244 3179 c.
258 3127 328 3189 ¹84:
341 3120 623 3196 dnaptsyparitudta·
665 3124 762 3191 odore,
784 3138 858 3179 aceto
874 3125 966 3177 mixto.
979 3150 990 3171 ι
1015 3125 1121 3177 Erroris
1134 3123 1181 3176 ad·

103 3206 247 3277 puniit,
258 3204 572 3259 «commanducatnmad
583 3206 624 3276 pi·¹
665 3222 795 3257 monuere
808 3205 951 3275 scriptores
965 3202 1020 3255 dno
1032 3221 1039 3256 :
1053 3204 1119 3256 alter
1134 3203 1181 3274 qui

103 3286 203 3339 tnitam
226 3284 322 3355 capitis
341 3284 498 3338 eliciendam
514 3286 619 3338 valet.»
665 3283 700 3337 de
710 3282 1008 3355 hydropicis‚alterqui
1019 3282 1053 3335 de
1062 3282 1182 3353 epilepti-

104 3365 202 3418 Hann.
665 3364 717 3425 cis,
734 3377 760 3417 et
775 3364 914 3417 rulrsrnrn
936 3364 1111 3415 conversione
1126 3362 1181 3414 sul·

147 3441 174 3496 5.
186 3443 234 3496 Aa
245 3462 322 3495 uram.
340 3443 408 3495 Plin.
424 3444 515 3495 Valer.
532 3443 577 3495 lib.
593 3444 620 3499 l,
666 3442 758 3495 locatis
771 3442 862 3495 eadem
874 3440 1026 3513 prodidere.
1043 3442 1180 3494 Ptinvat

105 3542 167 3595 cap.
183 3520 334 3585 stilann.
666 3522 713 3573 tin.
727 3523 782 3587 111,
796 3540 852 3593 cap.
866 3538 897 3573 12
907 3518 941 3573 de
953 3518 1091 3593 hydropisi
1103 3538 1110 3573 :
1122 3547 1132 3568 a
1143 3520 1183 3573 Si·

96 3664 101 3670 ¹
147 3606 175 3655 6.
196 3599 332 3653 Stomacho.
355 3599 475 3652 Marcell.
491 3597 622 3671 Empiric.
666 3600 746 3671 napi,
759 3602 859 3671 inquit;
871 3612 897 3653 et
906 3601 985 3663 licus,
996 3601 1182 3664 etcnminurn,

106 3698 169 3752 cap.
183 3698 230 3742 xx,
242 3697 271 3750 p.
293 3680 354 3733 150.
371 3678 462 3731 Hann.
667 3681 749 3751 aquis
763 3680 891 3751 partibus·
902 3690 976 3741 tusa,
992 3680 1079 3733 ventri
1095 3680 1181 3751 impo-

148 3778 177 3829 7.
194 3760 254 3811 Item
266 3758 432 3811 comitialibus.
448 3758 625 3823 Dioscorides,
667 3773 779 3812 nuntnr.
790 3784 800 3806 ι
812 3758 877 3813 Cael.
888 3758 981 3811 Aurel.
991 3760 1094 3813 Chron.
1102 3760 1150 3812 lib.
1158 3760 1180 3816 Ῑ.

105 3838 156 3892 lib.
169 3839 214 3903 11,
228 3856 287 3907 cap.
302 3840 366 3899 ret.
381 3838 413 3889 In
430 3837 506 3890 Mss.
522 3855 577 3889 non
590 3849 625 3889 te·
667 3856 725 3910 cap.
740 3837 932 3909 tdeepilepsia
942 3855 949 3889 :
960 3838 1108 3892 -Auicutos
1117 3858 1182 3911 quo·

103 3917 204 3987 pitiana,
214 3916 261 3970 sed
272 3917 430 3969 comitialibus
438 3918 499 3968 tedis
510 3916 623 3987 legitur:
667 3936 722 3989 qne
737 3936 841 3979 omnes,
859 3918 962 3988 inquit,
977 3918 1102 3989 ligatione
1117 3937 1181 3971 con·

107 3995 182 4049 unde
200 3998 280 4049 tants
300 3998 389 4049 forsan
410 3994 571 4067 legendum,
595 4008 624 4049 at
667 3999 1184 4069 stringentes,sternutamentocommo·

108 4074 261 4130 Pellicerins
270 4077 298 4129 in
311 4074 374 4129 Not.
388 4076 467 4130 MSS.
476 4089 576 4129 nronet.
588 4074 625 4128 ll.
668 4090 696 4131 to
707 4096 739 4131 ex
754 4089 842 4142 aceto,
856 4076 965 4130 naribus
974 4076 1084 4132 interius
1099 4076 1184 4147 flato,
