2925 5009
537 472 605 539 ue
632 472 773 539 uelo,
1117 470 1190 569 639

117 595 195 653 ieie,
213 592 257 646 vel
268 589 340 663 apud
361 589 482 643 medicos
499 606 551 661 per
568 590 780 645 autonomiam
800 592 866 645 detti
884 589 956 645 dicta
977 590 1188 658 uictimam,

116 682 248 752 prasium
265 679 308 733 sel
323 680 439 750 μηκύνων
452 676 571 739 butum,
584 690 748 731 succusesat
761 696 791 731 ex
807 690 859 732 tota
879 678 969 749 plante
983 691 1094 734 contuso
1103 694 1188 735 estra-

116 782 178 823 ctus
191 778 217 821 et
232 766 396 838 inspissetur.
407 766 561 819 Mecouinnr
575 766 638 836 opio
652 767 731 837 longe
745 766 869 838 ignavius
884 766 1015 821 dicebant.
1028 768 1115 823 Hodie
1126 790 1190 824 vero

118 872 207 911 usam
224 865 328 909 tantam
344 872 431 927 genus
442 854 520 907 nobis
534 854 648 908 affertur
658 855 710 908 sub
727 855 786 926 opii
802 856 926 917 nomine,
941 874 1037 909 succus
1048 874 1142 928 nempe
1158 876 1190 911 es

117 942 265 999 sumatis
275 943 416 1016 pepereris
431 942 486 996 albi
502 942 634 1013 capitibus
647 942 764 1009 stillans3
775 961 862 1015 neque
875 945 929 999 ulla
942 944 993 999 alia
1007 946 1107 1017 species
1118 946 1191 1023 apud

116 1034 221 1087 Taress
236 1042 263 1086 et
280 1031 513 1102 Constantinopoli
525 1031 657 1103 reperitur
674 1042 770 1104 preter
784 1030 851 1103 illud
867 1032 939 1087 idem
949 1032 1024 1105 quod
1042 1034 1069 1087 in
1083 1034 1191 1106 placen·

118 1133 161 1175 tas
172 1121 251 1173 nobie
267 1120 387 1173 affertur.
403 1118 483 1191 Apud
499 1119 589 1172 Persas
604 1130 693 1172 tamen
710 1120 886 1191 lacrymarer
899 1122 1045 1175 vulneratio
1058 1120 1192 1193 capitibus

116 1220 310 1281 promanante·
332 1206 515 1279 distinguunt,
538 1219 565 1259 et
587 1206 678 1278 primo
694 1206 860 1278 prodeuntes
879 1208 973 1261 sedulo
995 1208 1146 1280 excipiunt,
1165 1222 1192 1263 et

117 1311 247 1368 tanquam
264 1296 366 1350 viribus
382 1296 573 1367 prestantiores
590 1296 700 1367 plurimi
717 1296 834 1359 iaciunt,
846 1311 877 1349 ut
890 1297 958 1351 infra
973 1296 1103 1355 dicemus.

154 1384 250 1437 Planta
262 1402 294 1438 ex
306 1401 359 1457 qna
377 1402 472 1437 succus
483 1382 529 1437 ille
542 1382 701 1448 extrabitnr,
716 1383 815 1438 dicitnr
833 1402 948 1456 papaver
957 1384 1082 1438 hortense
1092 1385 1193 1439 semine

113 1470 197 1538 ¹albu,
212 1472 326 1526 sautum
343 1470 511 1534 Dioscoridi,
529 1471 621 1523 album
641 1470 745 1535 Plinio,
765 1475 793 1523 C.
807 1478 837 1525 B.
854 1479 885 1525 P.
904 1489 961 1541 ¹70·
978 1471 1078 1525 liadice
1094 1486 1133 1527 est
1154 1472 1194 1527 di·

118 1563 177 1633 gito
196 1560 305 1615 circiter
319 1577 420 1621 masas,
441 1578 536 1612 amaro
554 1560 622 1613 lacte
637 1558 706 1612 sicut
725 1571 752 1612 et
769 1571 826 1613 tota
850 1560 938 1631 planta
962 1571 1098 1631 turgente,
1116 1562 1193 1615 canle

118 1649 279 1713 bicubitali,
300 1649 329 1701 in
349 1649 405 1702 alas
421 1647 521 1709 diviso,
540 1647 598 1699 levi
619 1646 784 1719 plurimum,
804 1666 998 1719 nonnunquam
1019 1646 1123 1701 modice
1134 1648 1192 1701 bir-

119 1749 201 1803 snto;
214 1737 258 1790 eui
272 1736 337 1790 lolia
354 1736 536 1790 adnascuntur
553 1737 664 1789 lactuca
676 1736 787 1798 emula,
797 1736 927 1806 oblonga,
940 1735 1059 1789 laciniatu
1070 1771 1078 1798 ,
1089 1736 1192 1808 crispa,

118 1824 212 1880 colore
224 1823 334 1895 glauco,
353 1822 421 1877 flore
431 1840 553 1888 rosaceo,
567 1832 684 1893 quatuor
700 1822 862 1894 plerumque
874 1823 968 1893 petalis
984 1821 1107 1877 candidis
1117 1824 1192 1877 brevi

119 1911 258 1973 deciduis,
271 1911 299 1963 in
312 1911 406 1965 orbem
419 1909 512 1981 positis
530 1920 685 1963 constante:
699 1926 730 1961 ea
752 1911 829 1981 cujus
841 1909 932 1982 calyce
949 1909 976 1963 bi
981 1910 1045 1963 lolio
1058 1910 1140 1981 surgit
1152 1910 1193 1981 pi-

118 2000 220 2053 stillum
237 2016 287 2051 sen
297 1998 450 2071 capitellum
460 1998 548 2051 statim
561 1997 597 2050 ab
608 1994 684 2049 initio
699 1994 789 2050 multis
801 1997 1091 2067 staminibusstipaturn
1101 2034 1109 2058 ,
1119 1995 1193 2069 qnod

119 2086 220 2141 ddnde
239 2086 295 2139 abit
319 2086 348 2139 in
366 2086 484 2139 finctum
505 2084 720 2155 unicapsularem
738 2102 785 2137 seu
809 2095 901 2139 testam
926 2096 1048 2149 oratam,
1068 2083 1192 2157 capitello

120 2186 244 2229 ornatam
266 2174 370 2228 radiato
392 2192 441 2227 sen
457 2172 561 2227 stellato
576 2211 584 2238 ‚
598 2170 676 2223 variis
698 2188 746 2241 per
763 2170 954 2243 longitudinem
975 2170 1047 2225 intus
1061 2172 1192 2228 munitam

120 2264 238 2318 lamellis
250 2262 347 2335 parieti
359 2260 501 2335 pericarpii
516 2258 636 2322 adnatis,
652 2258 751 2330 quibua
769 2264 896 2330 t‘anquam
913 2258 1041 2331 placentis
1059 2258 1194 2313 adherent

120 2370 263 2407 nummoaa
277 2351 379 2405 semina
394 2347 587 2413 minutissima,
601 2344 787 2410 snbrotnnda,
804 2345 918 2401 candida
928 2385 937 2413 ,
948 2358 974 2401 et
994 2364 1089 2419 sapore
1102 2334 1192 2403 oleoso

120 2440 205 2495 dulci.
219 2441 252 2493 ln
268 2438 381 2495 diversis
395 2439 464 2491 Asiae
482 2434 593 2490 Minoris
614 2433 759 2506 provinciis
782 2434 839 2505 apri
859 2446 1037 2489 conseruntur
1059 2452 1191 2508 papavere

120 2528 197 2593 albo,
214 2538 244 2581 nt
259 2526 333 2598 apud
350 2546 400 2583 nos
418 2525 519 2578 tritico.
539 2522 593 2575 Ubi
611 2520 729 2594 capitula
742 2522 880 2592 producit,
903 2522 995 2575 leviter
1018 2520 1191 2585 incidunturt

121 2629 149 2669 et
161 2615 276 2669 effluunt
298 2614 393 2684 aliquas
409 2624 490 2685 gutte
509 2608 629 2665 humoris
650 2608 743 2669 lactel,
759 2627 826 2680 quae
848 2626 1018 2679 concrescere
1035 2611 1143 2675 sinunt,
1166 2623 1193 2663 et

121 2706 259 2777 eolligunt
278 2703 384 2757 Clarisa.
405 2697 610 2754 Tonrnelortius
628 2696 711 2750 refert
729 2699 858 2769 majorem
879 2697 934 2769 opii
950 2699 1126 2769 quantitatem
1147 2720 1192 2753 ea·

120 2793 192 2847 trahi
203 2811 234 2845 ex
253 2790 413 2846 contusione
426 2802 452 2841 et
471 2786 639 2860 expressione
652 2783 809 2836 eorumdem
823 2784 949 2857 capitum.
961 2787 996 2839 Ar
1014 2786 1150 2842 Bellonius
1158 2789 1193 2843 de

120 2884 168 2937 illa
181 2882 300 2954 capitum
314 2879 471 2933 contusione
483 2887 511 2930 et
526 2870 694 2945 expressione
708 2872 774 2926 nihil
796 2874 908 2944 profert,
926 2892 1014 2947 neque
1025 2876 1193 2947 Ktemplerns

121 2971 157 3026 de
170 2971 236 3042 opio
247 2966 322 3042 qnod
333 2967 361 3020 in
370 2964 480 3021 Perside
496 2963 646 3035 colligitur,
655 2960 795 3014 disserens.
807 2961 857 3015 His
866 2960 964 3035 triplex
975 2974 1015 3015 est
1027 2964 1134 3035 opium,
1145 2965 1192 3019 sed

121 3060 253 3114 incisione
266 3053 453 3111 tantummodo
465 3063 630 3112 extractum,
650 3060 680 3101 nt
693 3067 759 3103 mox
772 3048 900 3103 dicemus.

156 3126 189 3199 ln
205 3144 313 3200 Perside
324 3144 381 3216 opii
394 3142 516 3198 collectio
533 3140 686 3194 celebratur
701 3138 813 3191 ineunte
825 3148 929 3205 estate,
941 3139 1094 3213 propinque
1105 3153 1193 3196 matu·

121 3237 196 3291 ritati
210 3236 297 3307 capita
315 3232 476 3288 decussatim
490 3226 634 3283 sauciando
651 3244 701 3298 per
711 3226 890 3299 superlioiern.
906 3227 1000 3282 Culter
1012 3228 1077 3283 bnic
1088 3232 1194 3302 negotio

62 3365 66 3373 .
121 3324 269 3379 inserviens
285 3320 443 3394 quintuplici
456 3318 513 3373 acie
529 3318 685 3377 instructus,
698 3334 753 3369 uua
764 3317 879 3369 sectione
892 3316 1009 3387 quinque
1026 3316 1123 3390 infligit
1139 3321 1195 3373 vnl-

121 3432 187 3467 nera
208 3408 446 3483 longa,parallels.
463 3406 504 3459 Ex
523 3403 689 3459 vulnuscnlis
705 3422 867 3475 promanans
878 3422 973 3459 succus
986 3406 1112 3476 postridie
1128 3409 1195 3461 acal·

121 3520 175 3575 pro
187 3500 363 3571 abstergitur,
377 3512 404 3551 et
417 3497 446 3549 in
459 3494 595 3551 saeculnm
614 3492 752 3547 abdomini
767 3493 930 3564 preligatum
949 3494 1111 3550 reconditur.
1123 3497 1194 3551 Turn

122 3592 208 3645 alteru
231 3588 349 3661 capitum
368 3584 448 3640 iacies
470 3582 567 3637 eodern
591 3580 674 3635 modo
691 3581 867 3641 vulneratur,
890 3580 925 3635 sd
946 3582 1075 3651 liquorem
1096 3587 1195 3658 pariter

121 3674 326 3751 proliciendum.
337 3673 433 3729 Prime
444 3670 607 3725 collectionis
620 3668 738 3738 lacryma
752 3672 853 3721 Gobaar
865 3668 937 3723 dicta
949 3672 1119 3740 prestantior
1132 3692 1194 3729 eeu·

122 3778 215 3829 setin,
228 3776 256 3818 et
270 3762 367 3838 majori
384 3760 467 3833 pollet
478 3760 618 3813 cerebrum
630 3755 801 3811 demulcendi
814 3757 925 3819 virtute,
936 3758 1053 3812 colorem
1066 3762 1195 3818 exbibens

65 3847 71 3860 ⁸
122 3853 241 3911 albidum
255 3852 299 3907 vel
313 3871 346 3905 ex
363 3852 437 3905 luteo
449 3848 607 3922 pallentem,
629 3844 676 3898 sed
688 3846 737 3917 qni
752 3864 784 3897 ex
805 3845 919 3917 longiori
937 3846 1094 3903 insolatione
1106 3863 1132 3903 et
1144 3852 1196 3905 ari·

121 3944 204 3998 ditate
217 3942 344 3995 minsoari
360 3940 436 3994 solet.
450 3937 540 3991 Altera
554 3933 676 3989 collectio
693 3950 803 3986 succum
822 3932 920 4004 promit
937 3932 1019 4003 priori
1037 3948 1066 3987 ut
1078 3937 1195 4006 virtute,

122 4033 160 4085 ita
178 4043 205 4084 et
223 4029 311 4103 pretio
327 4028 499 4085 inferiorem,
514 4024 611 4078 coloris
628 4021 789 4093 plerumque
806 4022 912 4075 obscnri
933 4020 971 4075 rel
986 4040 1016 4075 ex
1036 4026 1098 4079 rulo
1115 4026 1197 4099 nigri·

122 4120 216 4175 cande
230 4119 298 4173 Sunt
314 4118 363 4189 qni
375 4130 403 4171 et
420 4116 523 4171 testiarn
537 4113 689 4175 instituunt,
706 4128 761 4183 qua
775 4098 910 4164 obtinetur
924 4108 1043 4182 lacryma
1055 4110 1197 4185 nigerrima

123 4220 150 4263 et
163 4207 264 4281 exigue
277 4205 393 4259 virtutis.
