2925 5009
318 456 385 500 tta
575 433 614 498 C.
644 430 814 502 PLINII
842 429 953 498 Nt‘r.
982 429 1109 497 HIST.

310 587 430 657 pecus,
452 561 508 630 sed
532 562 673 630 maxime
696 561 861 646 lanatum,
881 561 1038 656 quoniam
1065 556 1221 628 facillime
1248 557 1383 627 auferat

308 691 465 762 gemmas.
475 669 675 738 Inimicos'et
686 669 888 762 pubescente
896 665 989 734 uva'⁰
999 680 1139 735 rastros:
1149 665 1297 758 satisque
1306 689 1384 734 esse

309 776 436 842 vineam
460 788 511 842 ter
522 797 610 842 anno
629 774 764 843 confodi
774 772 809 858 ¹¹,
822 773 865 842 ab
881 773 1079 866 aequinoctio
1100 795 1226 840 verno:
1242 771 1288 838 ad
1297 773 1382 848 Ver<

306 876 484 974 giiiarum¹²
498 893 663 964 exortum,
679 894 713 948 et
724 881 826 949 Canis
834 893 966 963 ortum,
980 893 1015 947 et
1023 861 1256 972 nigrescente¹³
1266 877 1381 945 acino.

256 1011 289 1060 ²9
307 985 452 1074 Quidam
470 985 516 1054 ita
535 985 757 1054 determinant
772 1000 940 1054 :veterem
962 982 1063 1053 semei
1082 982 1286 1052 avindemia
1298 997 1381 1051 ante

307 1092 477 1178 brumam,
492 1117 595 1187 quum
610 1091 664 1160 aiii
671 1077 899 1185 ablaqueare¹⁴
914 1105 947 1159 et
956 1103 1140 1159 stercorare
1151 1091 1231 1158 satis
1245 1102 1380 1182 putent

306 1200 431 1266 Iterum
450 1197 492 1266 ab
506 1197 614 1266 idibus
631 1196 762 1292 aprilis,
779 1211 958 1290 antequam
977 1197 1157 1290 concipiat,
1174 1194 1242 1264 hoc
1254 1208 1326 1281 est,
1342 1197 1379 1262 in

306 1327 343 1374 vt
358 1302 431 1373 idus
445 1305 557 1372 maias.
567 1303 696 1372 Deinde
710 1304 910 1397 priusquam
921 1302 1041 1370 florere
1051 1300 1206 1395 incipiat,
1223 1314 1258 1368 et
1270 1325 1379 1395 quum

306 1408 495 1478 defloruerit
505 1461 514 1494 ,
524 1423 558 1478 et
569 1411 717 1478 variante
726 1433 762 1478 se
774 1433 850 1477 uva.
863 1408 1039 1477 Peritiores
1049 1406 1236 1492 affirmant,
1247 1407 1275 1476 si
1283 1408 1380 1500 justo

306 1516 424 1609 saepius
447 1513 606 1593 fodiatur,
630 1516 664 1584 in
686 1529 816 1584 tantum
839 1528 1045 1583 tenerescere
1062 1514 1195 1598 acinos,
1220 1527 1260 1580 ut
1284 1537 1378 1581 rum·

305 1635 436 1716 pantur.
460 1622 546 1710 Quae
567 1619 737 1690 fodiantur
745 1607 781 1704 ¹⁵,
807 1635 885 1690 ante
906 1620 1072 1689 ferventes
1091 1617 1192 1687 horas
1224 1617 1293 1686 diei
1323 1619 1378 1688 fo-

305 1726 441 1796 diendas
459 1727 636 1796 convenit:
652 1726 750 1796 sicuti
767 1726 874 1795 lutum
883 1749 990 1819 neque
1000 1747 1115 1806 arare,
1127 1748 1235 1818 neque
1247 1723 1376 1794 fodere.

208 1911 213 1918 ¹
305 1817 492 1902 Fossione¹⁶
511 1829 681 1927 pulverem
706 1833 884 1902 excitatum
909 1846 1026 1900 contra
1053 1829 1139 1900 scies
1168 1829 1378 1927 nebulasque

304 1937 470 2034 prodesse.

251 2072 285 2122 30
359 2044 564 2138 Pampinatio
576 2042 598 2083 ¹⁷
625 2068 729 2112 verna
747 2045 782 2113 in
804 2043 958 2114 confesso
978 2059 1045 2129 est,
1064 2044 1109 2112 ab
1128 2043 1239 2112 idibus
1261 2045 1377 2130 maiis,

302 2225 813 2298 acceptumaVirgiIio,Georg.Iib.Il,
901 2227 947 2280 13.
963 2227 1120 2295 Nigrae-ente
1148 2230 1227 2279 acino.
1255 2229 1375 2282 Asinum

302 2324 339 2360 vs.
354 2305 406 2376 371
418 2323 427 2363 z
441 2303 595 2358 «Texende
614 2323 695 2374 sepes
715 2305 812 2368 etiem,
858 2324 916 2359 uve
928 2323 978 2358 nos
991 2324 1103 2376 manum
1118 2307 1297 2378 appellamus.
1319 2309 1355 2361 tt

303 2397 330 2436 et
355 2401 438 2455 pecus
461 2403 541 2436 omne
561 2383 722 2449 tenendum,
739 2385 816 2438 ,Prte-
901 2391 946 2448 td.
960 2384 1254 2456 Quumoiiiubioquem.
1264 2385 1373 2440 cotun

303 2463 382 2534 cipue
407 2461 472 2516 dum
494 2463 567 2517 frons
588 2475 692 2517 tenera:
709 2464 815 2533 imprn·
856 2463 903 2517 lib.
914 2466 950 2527 V,
961 2471 1062 2535 capt,
1084 2466 1161 2536 cnjus
1177 2466 1259 2518 verb·
1282 2465 1375 2519 retuli·

303 2541 422 2614 densque
434 2543 574 2608 laborum,
588 2555 638 2595 etc.
656 2569 667 2590 ·
683 2543 774 2595 Hanc.
858 2561 917 2595 mus
931 2562 989 2614 cap.
1005 2545 1053 2596 31.
1063 2543 1154 2598 Hsao.
1270 2587 1274 2591 .

347 2643 392 2676 ro.
412 2621 556 2674 Pubescente
578 2641 631 2674 uisu.
654 2621 747 2686 Quum
771 2621 814 2674 ni·
901 2623 946 2676 15.
960 2624 1025 2693 Qua
1035 2624 1174 2691 fodiantur.
1196 2622 1310 2677 Colum.
1325 2625 1371 2677 lib.

302 2719 422 2771 gnoscere
437 2701 545 2771 incipit,
562 2701 680 2754 variante
702 2719 730 2753 se
753 2720 813 2753 uva.
856 2699 891 2754 de
913 2702 982 2754 Arb.
1004 2720 1064 2773 cap.
1089 2719 1144 2758 ta:
1163 2703 1373 2776 «Simulatque

304 2781 493 2834 Pubescentem
501 2791 527 2832 et
535 2781 610 2850 quasi
620 2779 814 2833 adolescentem
856 2781 1015 2835 usurarium
1025 2781 1152 2853 coperit,
1165 2781 1251 2834 fodito
1265 2783 1372 2836 mium

304 2860 371 2912 dixit
386 2859 492 2912 Coium.
516 2859 563 2910 tib.
579 2860 630 2922 IV,
641 2877 699 2930 cap.
716 2861 762 2913 28.
779 2861 814 2913 Η.
856 2859 1004 2927 fossuram
1019 2873 1046 2914 et
1069 2879 1154 2932 quum
1176 2865 1230 2932 jam
1251 2875 1372 2916 mature·

347 2956 389 2991 ιι.
405 2939 455 2990 Ter
467 2957 532 2990 anno
545 2939 651 3006 confodi.
670 2939 777 2993 Colum.
795 2940 814 2992 t.
856 2952 919 3003 scet,
926 2953 987 2993 ante
994 2939 1146 3007 meridiem,
1156 2942 1318 3012 prinsquam
1328 2961 1370 2995 cs·

303 3037 325 3071 c.
342 3017 427 3070 uNon
436 3017 541 3070 inficior
550 3016 692 3089 plerosque
701 3030 814 3071 anteme
855 3017 913 3072 lere
927 3019 1054 3090 incipiet,
1080 3032 1108 3072 et
1131 3038 1216 3091 quum
1238 3019 1371 3086 desierit,

303 3098 561 3152 rusticarumrerum
575 3097 713 3169 magistros
728 3098 814 3150 tribus
855 3109 917 3168 post
940 3097 1082 3152 meridiem
1107 3098 1371 3171 todtt0,putverem·

303 3177 411 3231 fossuris
424 3177 502 3229 fnisse
509 3186 661 3230 contentos:
674 3177 814 3248 exquibus
855 3195 908 3248 qne
922 3178 1051 3230 excitato:
1067 3195 1096 3230 ee
1107 3197 1150 3230 ros
1161 3191 1187 3231 et
1202 3180 1300 3244 asoie,
1316 3193 1368 3233 ets

302 3257 486 3313 Graecinus...
503 3257 595 3310 Celsus
608 3273 716 3326 quoqne
727 3268 755 3309 et
765 3257 814 3309 At·
855 3257 1081 3324 nebnls,maxime
1089 3275 1168 3325 uram
1175 3255 1307 3312 defendit.
1317 3259 1370 3311 Lo·

302 3338 370 3390 ticus
388 3335 556 3388 consentiunt
579 3347 631 3387 tres
652 3352 707 3386 esse
725 3347 814 3388 motus
855 3337 1308 3408 tulentamterremmeqnearare,
1322 3356 1369 3391 ne·

302 3417 329 3468 in
341 3416 405 3478 vite,
413 3433 459 3469 sou
470 3415 561 3485 potius
570 3415 598 3466 in
611 3414 684 3466 omni
698 3415 812 3476 euronio,
855 3434 908 3486 que
920 3414 1014 3470 fodere
1026 3429 1131 3487 oportet
1140 3435 1148 3470 ε
1157 3417 1220 3488 qnia
1230 3416 1311 3471 valde
1319 3417 1368 3469 dn·

301 3495 453 3550 naturales:
469 3512 572 3559 unum
591 3512 645 3565 quo
659 3494 810 3564 germinet:
856 3495 947 3560 rescit,
963 3508 990 3549 et
1002 3494 1123 3549 finditur.
1137 3523 1150 3543 .
1164 3495 1255 3550 Hinc.

302 3577 427 3637 aiterum,
439 3591 492 3644 qno
500 3572 593 3626 floreat
605 3589 612 3623 ε
628 3573 747 3638 tertium,
758 3590 812 3645 qno
899 3578 943 3628 16.
961 3573 1084 3628 Fossione.
1097 3575 1205 3628 Colum.
1217 3576 1270 3628 l.c.
1279 3589 1307 3629 et
1319 3575 1365 3633 bb.

301 3667 465 3707 maturescat.
479 3652 536 3705 Hos
555 3669 619 3723 ergo
640 3664 727 3705 motus
748 3669 811 3705 cen·
855 3653 978 3726 IV,cap.
992 3655 1036 3707 aii.
1049 3655 1140 3708 Hno.

300 3745 359 3788 sent
371 3731 529 3792 fossionibus
541 3731 678 3784 concitari.
692 3756 703 3777 ι
717 3730 751 3782 II.
899 3749 943 3803 17.
967 3733 1130 3804 Pompeianis.
1151 3733 1364 3804 pampinorum,

346 3831 389 3864 ra.
420 3811 467 3864 Ad
489 3811 662 3880 Vergiliarum.
692 3812 732 3863 De
757 3811 810 3864 hoc
855 3829 903 3864 seu
917 3811 1045 3866 foliorum
1059 3812 1134 3879 vitis,
1156 3831 1216 3884 quat
1237 3831 1365 3886 superes·

301 3903 409 3954 exortu,
430 3907 508 3961 quem
519 3903 681 3961 prepostero
696 3891 809 3960 msignst
854 3909 903 3944 cus
925 3904 1000 3956 sunt,
1021 3892 1131 3946 avnisio.
1144 3894 1245 3946 Vineae
1260 3893 1364 3964 pampi-

300 3969 495 4040 DsIeosmpius,
504 3966 682 4024 dicemusiib.
697 3970 810 4039 XVIII,
852 3989 930 4036 nare,
953 3977 1077 4044 (pompm
1099 3973 1126 4023 ta
1148 3974 1239 4041 vigne,
1257 3981 1312 4026 oter
1331 3974 1364 4025 ta

299 4069 358 4124 cap.
373 4053 420 4104 66.
437 4049 528 4101 Halo.
853 4053 946 4106 feuiiles
971 4064 995 4102 et
1020 4053 1054 4104 fes
1078 4053 1211 4123 bourgeoer
1238 4055 1361 4124 superflue.
