2925 5009
350 425 355 432 ’
445 459 602 526 mrsu
631 461 761 528 xvn.
1091 485 1136 558 77

86 616 190 686 resque
205 586 423 660 divaricaro'⁰
439 613 540 684 supra
557 605 694 676 terram,
709 615 752 658 ne
769 589 843 685 plus
856 605 1000 684 quatuor
1020 591 1141 686 digitos

87 715 273 768 transversos
296 696 482 779 emineant,
512 719 643 790 gemma
665 695 718 765 vel
737 694 835 766 oculo
852 695 1031 766 servato¹¹.
1057 699 1140 768 Dili-

87 819 190 898 genter
205 804 347 872 eximere
368 799 477 870 oleam
498 815 647 896 oportet,
668 816 702 871 et
720 802 848 873 radices
863 827 963 898 quarn
984 801 1143 898 plurimas

87 935 156 978 eum
168 923 252 978 terra
266 907 364 976 ferre.
380 907 450 976 Ubi
464 906 590 977 radices
608 907 694 978 bene
711 911 902 1004 operueris,
917 909 1046 980 calcare
1056 911 1142 980 bene

89 1039 125 1084 ne
144 1014 219 1110 qnid
236 1011 399 1084 noeeat¹'.

132 1123 238 1190 llllll.
258 1121 295 1190 Si
313 1120 388 1214 quis
400 1117 542 1213 quaerat'
558 1119 649 1214 quod
664 1134 798 1217 tempus
817 1120 899 1192 olere
919 1119 1065 1192 seoendae
1085 1125 1143 1210 sit,
1163 1149 1175 1182 ι

86 1213 159 1322 'agro
180 1227 267 1298 sinco
290 1250 352 1320 per
373 1239 576 1310 sementem,
598 1251 679 1321 agro
701 1225 777 1296 laeto
797 1253 859 1322 per
881 1251 950 1296 ver.
975 1226 1143 1299 Olivetuur

89 1329 208 1402 diebus²
224 1355 272 1401 xv
289 1346 367 1400 ante
381 1333 613 1425 aequinoctium
633 1357 774 1402 vernum
791 1334 928 1429 incipito
948 1348 1077 1428 putare.
1092 1339 1145 1404 En

25 1479 30 1520 1,
89 1464 124 1508 eo
139 1423 207 1508 die³
225 1437 296 1507 dies
309 1461 357 1508 11.
378 1450 468 1507 reete
488 1439 630 1532 putabis.
654 1438 691 1507 ld
711 1439 778 1510 hoe
798 1438 899 1508 modo
919 1455 1046 1534 putato.
1068 1442 1146 1530 Qun
1185 1458 1190 1466 ·

90 1543 171 1616 locus
188 1557 276 1614 recte
292 1543 386 1614 ferax
401 1531 493 1631 erit⁴,
507 1569 581 1638 quae
599 1544 691 1614 arida
705 1559 824 1631 erunt,
841 1559 876 1614 et
888 1547 915 1614 si
931 1546 1013 1640 quid
1028 1561 1146 1616 ventus

25 1641 27 1724 ζ
91 1650 315 1745 interlregerit‚
329 1649 406 1718 iude
421 1673 461 1718 en
479 1651 592 1718 omnia
609 1651 753 1720 eximito.
770 1652 849 1740 Qua
862 1649 955 1720 loeus
969 1651 1060 1722 ferax
1077 1678 1147 1722 non

25 1825 27 1838 ,
92 1759 164 1844 erit,
176 1757 208 1826 id
222 1755 296 1851 plus
309 1741 508 1842 concidito⁵‚
526 1771 687 1852 aratoque
702 1758 804 1840 bene,
816 1757 1027 1852 enodatoque
1034 1743 1059 1847 ⁶,
1072 1761 1145 1828 stir-

92 1887 199 1958 pesque
207 1861 296 1932 leves
311 1861 425 1931 facito.
436 1862 572 1932 Circum
586 1861 689 1934 oleas⁷
705 1864 924 1933 autumnitate
938 1863 1147 1959 ablaqueato,

25 2019 27 2060 ?
128 2055 165 2090 to.
179 2038 232 2090 Eut
245 2037 381 2089 diruriouto
396 2055 468 2106 supro
481 2046 568 2088 terram
578 2077 586 2100 ,
635 2055 658 2090 c.
667 2049 827 2098 xxvttetxu,
836 2035 974 2090 escotum.
985 2037 1031 2091 lib.
1040 2039 1106 2100 V,c.
1115 2055 1145 2107 9:

25 2165 30 2180 ‚
93 2135 117 2168 se
132 2117 182 2186 plus
203 2129 308 2189 quatuor
328 2116 419 2186 digitos
444 2127 590 2169 transversos
635 2116 762 2170 -Ptanm
777 2127 865 2169 sutem
885 2117 915 2169 in
937 2117 1035 2170 oliveto
1057 2115 1147 2189 dispo·

25 2237 27 2244 ,
94 2200 204 2248 rainut-
215 2196 351 2266 Scriptum
361 2194 507 2265 exemplar,
520 2213 591 2249 uras·
634 2208 734 2248 nentur
752 2196 869 2268 optime,
891 2195 965 2249 sieris
983 2195 1147 2269 minimeque

25 2333 26 2344 g
94 2273 283 2346 quedirariesto
292 2287 475 2346 snprsterraru
486 2293 520 2327 ne
529 2275 592 2345 plns
635 2273 775 2346 uliginosis
795 2275 877 2345 agris,
898 2293 946 2347 per
967 2289 1146 2330 autumnum:

93 2366 193 2424 qustum
212 2354 311 2426 digitos
325 2365 475 2406 transverso
491 2353 591 2408 semiue
635 2356 702 2410 lutis
722 2367 750 2408 et
766 2354 883 2407 humidis
907 2373 990 2409 verno
1012 2369 1149 2429 tompore,

25 2475 27 2510 ὲ
95 2435 215 2488 relocatis
226 2433 592 2504 serito.»Scribo,·easque
635 2435 869 2506 paulosntequam
883 2435 1040 2502 germinent
1054 2459 1066 2481 ι
1086 2437 1120 2487 ll.

25 2511 26 2544 ἕ
94 2511 233 2568 divaricato-
250 2515 338 2583 Supra
357 2525 455 2566 terram
479 2531 513 2566 ne
531 2514 592 2584 plns
678 2513 1148 2578 motirrtmsdiebus.Cato,e.xsrr.ll.

25 2637 26 2642 ,
94 2605 193 2662 quatuor
216 2591 315 2664 digitos
336 2605 499 2646 nannenus
525 2593 593 2645 emi·
678 2591 704 2645 3.
721 2591 964 2646 Emittecuro:
980 2591 1150 2646 1Exeodie

25 2685 27 2750 ζ
95 2685 162 2726 urant
172 2691 273 2744 gemma
293 2671 336 2726 rel
352 2672 431 2740 oeulo
443 2683 560 2738 servato,
577 2695 589 2719 ι
636 2670 873 2744 diesquadrsgints
880 2671 999 2743 quinque
1015 2684 1086 2727 recte
1098 2691 1150 2743 pu·

25 2787 27 2816 ὲ
94 2769 122 2804 rs
131 2751 234 2806 Catonis
249 2752 310 2805 loeo
324 2752 412 2804 citato.
428 2753 495 2804 Das..
638 2751 716 2805 tshis.
729 2776 741 2797 ι
756 2751 851 2804 Hsuo.

25 2833 27 2886 l
130 2849 172 2886 tr.
190 2833 337 2896 Emittam,
354 2849 450 2900 gemma
466 2831 510 2883 uel
522 2831 592 2883 oculo
679 2835 705 2894 4.
723 2831 780 2902 Qua
790 2831 1010 2898 lecastrensem
1019 2835 1074 2886 erit.
1091 2833 1150 2902 Qui,

93 2925 181 2964 mato.
193 2911 243 2965 Gr.
252 2923 280 2964 et
296 2910 338 2964 Al.
352 2935 364 2957 ι
381 2909 536 2980 Eminesut,
549 2911 591 2964 rel
637 2928 692 2963 non
706 2930 764 2982 qua,
773 2911 800 2963 in
812 2911 933 2975 Catone,
943 2910 1039 2964 eodem
1051 2913 1149 2983 eapite.

25 2989 27 3050 l
93 2988 593 3044 orulosserito.·Eo.—Gemmavelocu-
637 2989 672 3043 Et
693 2989 774 3060 psulo
799 3001 861 3062 post
886 2989 981 3044 eodem
1006 2989 1089 3044 modo
1113 2992 1151 3045 le-

25 3057 27 3118 l
95 3070 218 3124 umento.
229 3069 399 3133 Oratorem,
422 3087 469 3123 seu
490 3086 593 3140 gemms
638 3067 703 3141 gito.
719 3071 790 3122 Dsu.

25 3119 27 3196 l
94 3163 197 3203 esstsnte
211 3167 227 3201 s
243 3162 323 3204 terra.
336 3149 375 3201 lta
387 3167 420 3201 ex
432 3151 536 3202 Catone
549 3165 593 3202 re·
679 3147 705 3202 5.
723 3149 861 3203 concidito.
874 3147 1035 3219 Diligentius
1049 3147 1153 3202 scilieet

25 3203 27 3274 l
97 3229 344 3300 seripsinrus,qnurn
357 3227 432 3298 prius
445 3228 543 3280 insulse
553 3229 593 3280 le·
638 3225 738 3293 fodito,
764 3227 896 3299 subigito,
918 3239 1007 3282 aratro
1030 3228 1152 3298 prosein-

25 3301 27 3340 t
99 3321 203 3375 geretm,
226 3309 270 3360 ut
284 3309 366 3360 oeulos
380 3309 461 3360 serito.
475 3307 593 3360 Omlnm
638 3305 703 3361 dito.
716 3309 785 3361 Dsn.

25 3373 27 3434 l
101 3387 264 3452 maximoe
279 3399 333 3452 est,
349 3404 481 3458 gammam
496 3397 594 3440 eterra
678 3389 706 3440 6.
724 3387 894 3458 Euodutoque.
917 3385 1018 3439 llsmos
1044 3385 1152 3441 inutiles

104 3477 186 3520 unare
194 3485 272 3520 unam
283 3465 415 3538 proripit.
421 3465 466 3519 sie
472 3465 530 3537 ipse
543 3465 594 3518 Pli·
638 3478 776 3537 ampntsto
792 3484 800 3518 z
822 3466 946 3518 arborem
968 3465 1126 3520 interlucata
1142 3489 1150 3518 r

103 3544 153 3598 nius
163 3545 194 3599 ds
205 3547 257 3599 rite
268 3545 394 3617 imperati
414 3563 473 3616 cap.
488 3543 521 3598 ’ὅ
532 3544 594 3598 libri
638 3546 751 3616 stirpem
763 3563 845 3598 onere
854 3545 952 3597 levato.
961 3544 1028 3597 Cato
1039 3545 1151 3600 totidem

103 3622 182 3696 hujus,
192 3638 220 3680 ut
231 3641 408 3696 gemmsseere
423 3622 534 3694 incipiat
552 3642 594 3678 es·
639 3624 727 3679 verbis
741 3643 773 3677 eo
787 3624 899 3677 Plinius.
919 3624 1012 3676 llsnn.

25 3689 27 3724 ¹
103 3701 188 3770 laurus,
207 3722 256 3758 use
275 3704 350 3776 plns,
369 3721 449 3776 quam
466 3703 540 3758 binis
561 3703 595 3756 sb
681 3723 709 3773 7.
728 3703 924 3775 Circumfoleas.
945 3703 1149 3776 Cato‚rsp.v:

104 3781 169 3836 insito
180 3785 291 3838 eminent
304 3782 397 3836 oculis.
413 3783 505 3836 llsan.
641 3807 651 3828 ι
668 3783 780 3838 Circum
800 3783 873 3836 oless
892 3782 1067 3837 autumnitate
1079 3784 1152 3838 abla-

137 3881 178 3917 rs.
197 3863 300 3917 canan
311 3863 369 3916 barre
385 3881 414 3913 ss
428 3862 487 3933 quid
502 3875 594 3916 norem.
641 3876 750 3933 queato,
767 3874 794 3915 et
808 3875 908 3915 stsrrns
922 3858 1023 3916 addito.
1040 3887 1052 3909 ι
1075 3864 1152 3917 MSS.

104 3937 158 3993 (sto
169 3941 281 3995 ilridsrn:
298 3969 309 3990 ι
328 3941 436 3995 Caleno
450 3941 539 4009 bene,
561 3959 596 3996 ne
642 3942 720 3995 etiam
735 3941 850 3995 Pliniani
869 3959 962 3994 ornnes
978 3947 1152 4008 autumnitate,

103 4036 157 4090 :qus
169 4033 267 4075 noesst.
285 4047 296 4068 ι
314 4022 384 4076 Dan.
642 4039 700 4075 non
716 4033 830 4075 arctamur
844 4021 954 4075 habent.
965 4021 1036 4075 Usus
1047 4041 1078 4076 es
1088 4041 1154 4075 rore

134 4101 214 4155 XXX.
234 4121 257 4156 1.
283 4100 312 4154 Si
333 4105 385 4172 quis
401 4113 501 4172 qrroerut.
520 4103 597 4166 Cato,
644 4101 742 4155 iterum
753 4100 835 4170 Cato,
848 4119 906 4172 esp.
916 4119 975 4153 cuv.
989 4101 1023 4156 ll.
