<?xml version="1.0" encoding="UTF-8"?>
<!DOCTYPE html PUBLIC "-//W3C//DTD XHTML 1.0 Transitional//EN"
    "http://www.w3.org/TR/xhtml1/DTD/xhtml1-transitional.dtd">
<html xmlns="http://www.w3.org/1999/xhtml" xml:lang="en" lang="en">
 <head>
  <title>
</title>
<meta http-equiv="Content-Type" content="text/html;charset=utf-8" />
  <meta name='ocr-system' content='tesseract 3.04.00' />
  <meta name='ocr-capabilities' content='ocr_page ocr_carea ocr_par ocr_line ocrx_word'/>
</head>
<body>
  <div class='ocr_page' id='page_1' title='image "./caiipliniisecun02unkngoog_0485.png"; bbox 0 0 2925 5009; ppageno 0'>
   <div class='ocr_carea' id='block_1_1' title="bbox 306 483 1031 586">
    <p class='ocr_par' dir='ltr' id='par_1_1' title="bbox 306 483 1031 586">
     <span class='ocr_line' id='line_1_1' title="bbox 306 483 1031 586; baseline -0.015 -25"><span class='ocrx_word' id='word_1_1' title='bbox 306 493 376 586; x_wconf 68' lang='lat'>47²</span> <span class='ocrx_word' id='word_1_2' title='bbox 651 483 932 558; x_wconf 82' lang='lat' dir='ltr'>EXCURSUS</span> <span class='ocrx_word' id='word_1_3' title='bbox 956 484 1031 555; x_wconf 88' lang='lat'>111.</span> 
     </span>
    </p>
   </div>
   <div class='ocr_carea' id='block_1_2' title="bbox 258 601 1371 4189">
    <p class='ocr_par' dir='ltr' id='par_1_2' title="bbox 306 601 1370 1368">
     <span class='ocr_line' id='line_1_2' title="bbox 308 601 1367 681; baseline -0.007 -18"><span class='ocrx_word' id='word_1_4' title='bbox 308 626 379 664; x_wconf 86' lang='lat' dir='ltr'>mana</span> <span class='ocrx_word' id='word_1_5' title='bbox 390 607 506 681; x_wconf 84' lang='lat' dir='ltr'>,patella</span> <span class='ocrx_word' id='word_1_6' title='bbox 520 606 699 680; x_wconf 72' lang='lat' dir='ltr'>seuealyculo</span> <span class='ocrx_word' id='word_1_7' title='bbox 708 606 803 660; x_wconf 78' lang='lat' dir='ltr'>femori</span> <span class='ocrx_word' id='word_1_8' title='bbox 814 604 896 658; x_wconf 71' lang='lat' dir='ltr'>affixo</span> <span class='ocrx_word' id='word_1_9' title='bbox 909 603 1004 675; x_wconf 87' lang='lat' dir='ltr'>inquo</span> <span class='ocrx_word' id='word_1_10' title='bbox 1017 602 1092 655; x_wconf 84' lang='lat' dir='ltr'>aucei</span> <span class='ocrx_word' id='word_1_11' title='bbox 1103 601 1218 656; x_wconf 83' lang='lat' dir='ltr'>ablatam</span> <span class='ocrx_word' id='word_1_12' title='bbox 1229 603 1367 674; x_wconf 84' lang='lat' dir='ltr'>portionem</span> 
     </span>
     <span class='ocr_line' id='line_1_3' title="bbox 307 689 1369 766; baseline -0.008 -13"><span class='ocrx_word' id='word_1_13' title='bbox 307 696 421 753; x_wconf 88' lang='lat' dir='ltr'>subinde</span> <span class='ocrx_word' id='word_1_14' title='bbox 432 694 598 760; x_wconf 83' lang='lat' dir='ltr'>recondant,</span> <span class='ocrx_word' id='word_1_15' title='bbox 610 705 638 750; x_wconf 87' lang='lat' dir='ltr'>et</span> <span class='ocrx_word' id='word_1_16' title='bbox 646 694 756 766; x_wconf 71' lang='lat' dir='ltr'>gemina</span> <span class='ocrx_word' id='word_1_17' title='bbox 768 693 850 748; x_wconf 80' lang='lat' dir='ltr'>corbe</span> <span class='ocrx_word' id='word_1_18' title='bbox 863 711 898 745; x_wconf 84' lang='lat' dir='ltr'>ex</span> <span class='ocrx_word' id='word_1_19' title='bbox 908 691 1023 744; x_wconf 75' lang='lat' dir='ltr'>bomem</span> <span class='ocrx_word' id='word_1_20' title='bbox 1032 689 1176 764; x_wconf 85' lang='lat' dir='ltr'>bajulanda</span> <span class='ocrx_word' id='word_1_21' title='bbox 1187 709 1240 763; x_wconf 83' lang='lat' dir='ltr'>pro</span> <span class='ocrx_word' id='word_1_22' title='bbox 1251 711 1369 762; x_wconf 83' lang='lat' dir='ltr'>reponen-</span> 
     </span>
     <span class='ocr_line' id='line_1_4' title="bbox 308 778 1368 860; baseline -0.008 -18"><span class='ocrx_word' id='word_1_23' title='bbox 308 788 342 843; x_wconf 90' lang='lat' dir='ltr'>da</span> <span class='ocrx_word' id='word_1_24' title='bbox 355 800 383 840; x_wconf 87' lang='lat' dir='ltr'>et</span> <span class='ocrx_word' id='word_1_25' title='bbox 393 783 555 858; x_wconf 83' lang='lat' dir='ltr'>reportanda</span> <span class='ocrx_word' id='word_1_26' title='bbox 568 783 675 839; x_wconf 86' lang='lat' dir='ltr'>collecti</span> <span class='ocrx_word' id='word_1_27' title='bbox 687 783 760 838; x_wconf 87' lang='lat' dir='ltr'>succi</span> <span class='ocrx_word' id='word_1_28' title='bbox 775 800 894 860; x_wconf 50' lang='lat' dir='ltr'>annona:</span> <span class='ocrx_word' id='word_1_29' title='bbox 905 778 1061 833; x_wconf 83' lang='lat' dir='ltr'>Notandum</span> <span class='ocrx_word' id='word_1_30' title='bbox 1074 792 1114 834; x_wconf 86' lang='lat' dir='ltr'>est</span> <span class='ocrx_word' id='word_1_31' title='bbox 1125 781 1278 834; x_wconf 70' lang='lat' dir='ltr'>societatem</span> <span class='ocrx_word' id='word_1_32' title='bbox 1287 799 1368 834; x_wconf 82' lang='lat' dir='ltr'>unani·</span> 
     </span>
     <span class='ocr_line' id='line_1_5' title="bbox 306 867 1368 950; baseline -0.008 -21"><span class='ocrx_word' id='word_1_33' title='bbox 306 893 443 950; x_wconf 82' lang='lat' dir='ltr'>quemque</span> <span class='ocrx_word' id='word_1_34' title='bbox 455 873 508 926; x_wconf 89' lang='lat' dir='ltr'>loci</span> <span class='ocrx_word' id='word_1_35' title='bbox 521 872 593 926; x_wconf 89' lang='lat' dir='ltr'>illius</span> <span class='ocrx_word' id='word_1_36' title='bbox 605 883 720 926; x_wconf 70' lang='lat' dir='ltr'>nactum</span> <span class='ocrx_word' id='word_1_37' title='bbox 736 889 817 943; x_wconf 80' lang='lat' dir='ltr'>quem</span> <span class='ocrx_word' id='word_1_38' title='bbox 832 869 911 923; x_wconf 87' lang='lat' dir='ltr'>messi</span> <span class='ocrx_word' id='word_1_39' title='bbox 924 886 978 922; x_wconf 81' lang='lat' dir='ltr'>suas</span> <span class='ocrx_word' id='word_1_40' title='bbox 993 867 1195 941; x_wconf 75' lang='lat' dir='ltr'>deligit,atque</span> <span class='ocrx_word' id='word_1_41' title='bbox 1207 868 1268 922; x_wconf 90' lang='lat' dir='ltr'>ideo</span> <span class='ocrx_word' id='word_1_42' title='bbox 1274 888 1368 922; x_wconf 81' lang='lat' dir='ltr'>caruem</span> 
     </span>
     <span class='ocr_line' id='line_1_6' title="bbox 306 955 1369 1031; baseline -0.006 -15"><span class='ocrx_word' id='word_1_43' title='bbox 306 965 336 1016; x_wconf 85' lang='lat' dir='ltr'>in</span> <span class='ocrx_word' id='word_1_44' title='bbox 351 981 385 1018; x_wconf 92' lang='lat' dir='ltr'>eo</span> <span class='ocrx_word' id='word_1_45' title='bbox 396 960 520 1016; x_wconf 87' lang='lat' dir='ltr'>radicum</span> <span class='ocrx_word' id='word_1_46' title='bbox 533 959 638 1031; x_wconf 87' lang='lat' dir='ltr'>copiam</span> <span class='ocrx_word' id='word_1_47' title='bbox 649 960 679 1013; x_wconf 88' lang='lat' dir='ltr'>in</span> <span class='ocrx_word' id='word_1_48' title='bbox 691 957 760 1012; x_wconf 88' lang='lat' dir='ltr'>duas</span> <span class='ocrx_word' id='word_1_49' title='bbox 776 958 873 1012; x_wconf 83' lang='lat' dir='ltr'>classes</span> <span class='ocrx_word' id='word_1_50' title='bbox 886 955 1023 1020; x_wconf 84' lang='lat' dir='ltr'>dividere,</span> <span class='ocrx_word' id='word_1_51' title='bbox 1035 955 1106 1010; x_wconf 84' lang='lat' dir='ltr'>circa</span> <span class='ocrx_word' id='word_1_52' title='bbox 1118 975 1200 1029; x_wconf 85' lang='lat' dir='ltr'>quas,</span> <span class='ocrx_word' id='word_1_53' title='bbox 1214 957 1292 1010; x_wconf 81' lang='lat' dir='ltr'>missa</span> <span class='ocrx_word' id='word_1_54' title='bbox 1303 956 1369 1010; x_wconf 79' lang='lat' dir='ltr'>alter·</span> 
     </span>
     <span class='ocr_line' id='line_1_7' title="bbox 307 1043 1370 1118; baseline -0.008 -13"><span class='ocrx_word' id='word_1_55' title='bbox 307 1062 382 1116; x_wconf 86' lang='lat' dir='ltr'>utra,</span> <span class='ocrx_word' id='word_1_56' title='bbox 400 1049 510 1104; x_wconf 87' lang='lat' dir='ltr'>alteruis</span> <span class='ocrx_word' id='word_1_57' title='bbox 523 1048 618 1103; x_wconf 87' lang='lat' dir='ltr'>diebus</span> <span class='ocrx_word' id='word_1_58' title='bbox 631 1059 794 1118; x_wconf 85' lang='lat' dir='ltr'>occupetar;</span> <span class='ocrx_word' id='word_1_59' title='bbox 814 1043 1053 1118; x_wconf 74' lang='lat' dir='ltr'>quondoquidsn,</span> <span class='ocrx_word' id='word_1_60' title='bbox 1072 1044 1163 1098; x_wconf 85' lang='lat' dir='ltr'>ablato</span> <span class='ocrx_word' id='word_1_61' title='bbox 1185 1062 1285 1108; x_wconf 82' lang='lat' dir='ltr'>succo,</span> <span class='ocrx_word' id='word_1_62' title='bbox 1302 1043 1370 1098; x_wconf 80' lang='lat' dir='ltr'>radix</span> 
     </span>
     <span class='ocr_line' id='line_1_8' title="bbox 308 1133 1369 1210; baseline -0.008 -16"><span class='ocrx_word' id='word_1_63' title='bbox 308 1138 387 1194; x_wconf 86' lang='lat' dir='ltr'>unius</span> <span class='ocrx_word' id='word_1_64' title='bbox 408 1137 464 1191; x_wconf 87' lang='lat' dir='ltr'>diei</span> <span class='ocrx_word' id='word_1_65' title='bbox 482 1137 579 1210; x_wconf 69' lang='lat' dir='ltr'>integri</span> <span class='ocrx_word' id='word_1_66' title='bbox 600 1136 771 1191; x_wconf 85' lang='lat' dir='ltr'>intervallum</span> <span class='ocrx_word' id='word_1_67' title='bbox 791 1133 921 1206; x_wconf 72' lang='lat' dir='ltr'>requirit,</span> <span class='ocrx_word' id='word_1_68' title='bbox 947 1145 1004 1186; x_wconf 88' lang='lat' dir='ltr'>tum</span> <span class='ocrx_word' id='word_1_69' title='bbox 1027 1151 1077 1204; x_wconf 88' lang='lat' dir='ltr'>pro</span> <span class='ocrx_word' id='word_1_70' title='bbox 1094 1133 1280 1206; x_wconf 82' lang='lat' dir='ltr'>recuperando</span> <span class='ocrx_word' id='word_1_71' title='bbox 1300 1149 1369 1206; x_wconf 84' lang='lat' dir='ltr'>quen</span> 
     </span>
     <span class='ocr_line' id='line_1_9' title="bbox 306 1219 1370 1297; baseline -0.003 -16"><span class='ocrx_word' id='word_1_72' title='bbox 306 1226 468 1281; x_wconf 86' lang='lat' dir='ltr'>transmittat</span> <span class='ocrx_word' id='word_1_73' title='bbox 489 1223 594 1297; x_wconf 82' lang='lat' dir='ltr'>liquore</span> <span class='ocrx_word' id='word_1_74' title='bbox 612 1241 697 1288; x_wconf 81' lang='lat' dir='ltr'>noro,</span> <span class='ocrx_word' id='word_1_75' title='bbox 715 1235 773 1276; x_wconf 87' lang='lat' dir='ltr'>tum</span> <span class='ocrx_word' id='word_1_76' title='bbox 790 1239 841 1293; x_wconf 92' lang='lat' dir='ltr'>pro</span> <span class='ocrx_word' id='word_1_77' title='bbox 858 1219 941 1274; x_wconf 79' lang='lat' dir='ltr'>effusi</span> <span class='ocrx_word' id='word_1_78' title='bbox 959 1222 1106 1276; x_wconf 87' lang='lat' dir='ltr'>necessaria</span> <span class='ocrx_word' id='word_1_79' title='bbox 1127 1222 1246 1294; x_wconf 82' lang='lat' dir='ltr'>quadam</span> <span class='ocrx_word' id='word_1_80' title='bbox 1258 1223 1370 1296; x_wconf 77' lang='lat' dir='ltr'>inspissa-</span> 
     </span>
     <span class='ocr_line' id='line_1_10' title="bbox 307 1316 389 1368; baseline -0.024 0"><span class='ocrx_word' id='word_1_81' title='bbox 307 1316 389 1368; x_wconf 80' lang='lat' dir='ltr'>tione</span> 
     </span>
    </p>

    <p class='ocr_par' dir='ltr' id='par_1_3' title="bbox 307 1395 1371 1912">
     <span class='ocr_line' id='line_1_11' title="bbox 342 1395 1371 1472; baseline -0.005 -15"><span class='ocrx_word' id='word_1_82' title='bbox 342 1398 596 1457; x_wconf 68' lang='lat' dir='ltr'>Colleotorustatim</span> <span class='ocrx_word' id='word_1_83' title='bbox 608 1407 689 1471; x_wconf 81' lang='lat' dir='ltr'>atque</span> <span class='ocrx_word' id='word_1_84' title='bbox 699 1397 734 1451; x_wconf 91' lang='lat' dir='ltr'>ad</span> <span class='ocrx_word' id='word_1_85' title='bbox 750 1395 823 1450; x_wconf 87' lang='lat' dir='ltr'>bunc</span> <span class='ocrx_word' id='word_1_86' title='bbox 835 1395 926 1450; x_wconf 86' lang='lat' dir='ltr'>locum</span> <span class='ocrx_word' id='word_1_87' title='bbox 941 1411 1139 1469; x_wconf 85' lang='lat' dir='ltr'>pervenerunt,</span> <span class='ocrx_word' id='word_1_88' title='bbox 1151 1399 1251 1472; x_wconf 72' lang='lat' dir='ltr'>siugrdi</span> <span class='ocrx_word' id='word_1_89' title='bbox 1263 1397 1371 1470; x_wconf 75' lang='lat' dir='ltr'>singalas</span> 
     </span>
     <span class='ocr_line' id='line_1_12' title="bbox 308 1483 1370 1558; baseline -0.007 -12"><span class='ocrx_word' id='word_1_90' title='bbox 308 1500 454 1546; x_wconf 80' lang='lat' dir='ltr'>accurrunt</span> <span class='ocrx_word' id='word_1_91' title='bbox 469 1487 505 1541; x_wconf 90' lang='lat' dir='ltr'>ad</span> <span class='ocrx_word' id='word_1_92' title='bbox 522 1485 642 1552; x_wconf 82' lang='lat' dir='ltr'>radices;</span> <span class='ocrx_word' id='word_1_93' title='bbox 655 1485 820 1558; x_wconf 84' lang='lat' dir='ltr'>remotisque</span> <span class='ocrx_word' id='word_1_94' title='bbox 833 1483 1011 1550; x_wconf 82' lang='lat' dir='ltr'>umbraculis,</span> <span class='ocrx_word' id='word_1_95' title='bbox 1030 1499 1142 1558; x_wconf 83' lang='lat' dir='ltr'>egerunt</span> <span class='ocrx_word' id='word_1_96' title='bbox 1165 1507 1249 1544; x_wconf 89' lang='lat' dir='ltr'>mauu</span> <span class='ocrx_word' id='word_1_97' title='bbox 1266 1487 1370 1558; x_wconf 80' lang='lat' dir='ltr'>aliquam</span> 
     </span>
     <span class='ocr_line' id='line_1_13' title="bbox 307 1573 1369 1646; baseline -0.004 -14"><span class='ocrx_word' id='word_1_98' title='bbox 307 1591 384 1632; x_wconf 83' lang='lat' dir='ltr'>terra</span> <span class='ocrx_word' id='word_1_99' title='bbox 396 1575 537 1632; x_wconf 86' lang='lat' dir='ltr'>ambientis</span> <span class='ocrx_word' id='word_1_100' title='bbox 553 1575 727 1646; x_wconf 87' lang='lat' dir='ltr'>portionem,</span> <span class='ocrx_word' id='word_1_101' title='bbox 737 1585 839 1646; x_wconf 83' lang='lat' dir='ltr'>quauta</span> <span class='ocrx_word' id='word_1_102' title='bbox 852 1573 1003 1645; x_wconf 88' lang='lat' dir='ltr'>operationi</span> <span class='ocrx_word' id='word_1_103' title='bbox 1018 1575 1145 1630; x_wconf 88' lang='lat' dir='ltr'>obstaret.</span> <span class='ocrx_word' id='word_1_104' title='bbox 1161 1577 1225 1643; x_wconf 89' lang='lat' dir='ltr'>Quo</span> <span class='ocrx_word' id='word_1_105' title='bbox 1244 1577 1323 1640; x_wconf 79' lang='lat' dir='ltr'>facto,</span> <span class='ocrx_word' id='word_1_106' title='bbox 1335 1593 1369 1628; x_wconf 83' lang='lat' dir='ltr'>ra·</span> 
     </span>
     <span class='ocr_line' id='line_1_14' title="bbox 308 1659 1369 1734; baseline -0.006 -14"><span class='ocrx_word' id='word_1_107' title='bbox 308 1665 375 1720; x_wconf 87' lang='lat' dir='ltr'>dicis</span> <span class='ocrx_word' id='word_1_108' title='bbox 387 1662 528 1730; x_wconf 75' lang='lat' dir='ltr'>verticem,</span> <span class='ocrx_word' id='word_1_109' title='bbox 542 1679 682 1734; x_wconf 80' lang='lat' dir='ltr'>quousque</span> <span class='ocrx_word' id='word_1_110' title='bbox 699 1659 819 1714; x_wconf 76' lang='lat' dir='ltr'>hirsutae</span> <span class='ocrx_word' id='word_1_111' title='bbox 830 1659 916 1714; x_wconf 79' lang='lat' dir='ltr'>luerat</span> <span class='ocrx_word' id='word_1_112' title='bbox 924 1697 933 1725; x_wconf 95' lang='lat'>,</span> <span class='ocrx_word' id='word_1_113' title='bbox 942 1679 991 1733; x_wconf 89' lang='lat' dir='ltr'>per</span> <span class='ocrx_word' id='word_1_114' title='bbox 1004 1672 1188 1717; x_wconf 75' lang='lat' dir='ltr'>transversum</span> <span class='ocrx_word' id='word_1_115' title='bbox 1204 1661 1369 1724; x_wconf 82' lang='lat' dir='ltr'>abscinduat;</span> 
     </span>
     <span class='ocr_line' id='line_1_15' title="bbox 309 1747 1368 1824; baseline -0.005 -17"><span class='ocrx_word' id='word_1_116' title='bbox 309 1754 344 1807; x_wconf 89' lang='lat' dir='ltr'>ita</span> <span class='ocrx_word' id='word_1_117' title='bbox 355 1765 388 1806; x_wconf 88' lang='lat' dir='ltr'>ut</span> <span class='ocrx_word' id='word_1_118' title='bbox 399 1765 509 1805; x_wconf 81' lang='lat' dir='ltr'>unucus</span> <span class='ocrx_word' id='word_1_119' title='bbox 519 1749 624 1804; x_wconf 87' lang='lat' dir='ltr'>discum</span> <span class='ocrx_word' id='word_1_120' title='bbox 634 1747 759 1804; x_wconf 85' lang='lat' dir='ltr'>exhibeat</span> <span class='ocrx_word' id='word_1_121' title='bbox 771 1747 898 1820; x_wconf 85' lang='lat' dir='ltr'>planum,</span> <span class='ocrx_word' id='word_1_122' title='bbox 911 1747 940 1800; x_wconf 90' lang='lat' dir='ltr'>iu</span> <span class='ocrx_word' id='word_1_123' title='bbox 953 1767 1007 1821; x_wconf 89' lang='lat' dir='ltr'>quo</span> <span class='ocrx_word' id='word_1_124' title='bbox 1017 1749 1155 1806; x_wconf 78' lang='lat' dir='ltr'>exsudans</span> <span class='ocrx_word' id='word_1_125' title='bbox 1171 1751 1262 1824; x_wconf 84' lang='lat' dir='ltr'>liquor</span> <span class='ocrx_word' id='word_1_126' title='bbox 1269 1763 1325 1824; x_wconf 81' lang='lat' dir='ltr'>post</span> <span class='ocrx_word' id='word_1_127' title='bbox 1332 1749 1368 1802; x_wconf 82' lang='lat' dir='ltr'>bi·</span> 
     </span>
     <span class='ocr_line' id='line_1_16' title="bbox 309 1823 1170 1912; baseline -0.002 -17"><span class='ocrx_word' id='word_1_128' title='bbox 309 1823 395 1896; x_wconf 77' lang='lat' dir='ltr'>duuni</span> <span class='ocrx_word' id='word_1_129' title='bbox 407 1837 594 1912; x_wconf 82' lang='lat' dir='ltr'>excipiendus,</span> <span class='ocrx_word' id='word_1_130' title='bbox 609 1836 667 1892; x_wconf 88' lang='lat' dir='ltr'>sine</span> <span class='ocrx_word' id='word_1_131' title='bbox 675 1836 787 1891; x_wconf 82' lang='lat' dir='ltr'>dellurii</span> <span class='ocrx_word' id='word_1_132' title='bbox 795 1837 916 1908; x_wconf 88' lang='lat' dir='ltr'>periculo</span> <span class='ocrx_word' id='word_1_133' title='bbox 927 1837 1069 1892; x_wconf 86' lang='lat' dir='ltr'>subsistere</span> <span class='ocrx_word' id='word_1_134' title='bbox 1077 1840 1170 1910; x_wconf 81' lang='lat' dir='ltr'>possit.</span> 
     </span>
    </p>

    <p class='ocr_par' dir='ltr' id='par_1_4' title="bbox 308 1923 1369 2248">
     <span class='ocr_line' id='line_1_17' title="bbox 343 1923 1369 1998; baseline -0.005 -17"><span class='ocrx_word' id='word_1_135' title='bbox 343 1929 415 1982; x_wconf 87' lang='lat' dir='ltr'>Tum</span> <span class='ocrx_word' id='word_1_136' title='bbox 429 1940 460 1980; x_wconf 87' lang='lat' dir='ltr'>ut</span> <span class='ocrx_word' id='word_1_137' title='bbox 480 1926 508 1978; x_wconf 90' lang='lat' dir='ltr'>iu</span> <span class='ocrx_word' id='word_1_138' title='bbox 521 1926 610 1998; x_wconf 88' lang='lat' dir='ltr'>priore</span> <span class='ocrx_word' id='word_1_139' title='bbox 627 1936 690 1980; x_wconf 88' lang='lat' dir='ltr'>actu</span> <span class='ocrx_word' id='word_1_140' title='bbox 707 1924 851 1977; x_wconf 86' lang='lat' dir='ltr'>sauciatam</span> <span class='ocrx_word' id='word_1_141' title='bbox 874 1923 994 1978; x_wconf 86' lang='lat' dir='ltr'>radicem</span> <span class='ocrx_word' id='word_1_142' title='bbox 1014 1945 1031 1980; x_wconf 87' lang='lat' dir='ltr'>a</span> <span class='ocrx_word' id='word_1_143' title='bbox 1049 1927 1105 1980; x_wconf 90' lang='lat' dir='ltr'>sole</span> <span class='ocrx_word' id='word_1_144' title='bbox 1129 1947 1224 1981; x_wconf 79' lang='lat' dir='ltr'>rursus</span> <span class='ocrx_word' id='word_1_145' title='bbox 1236 1924 1369 1982; x_wconf 77' lang='lat' dir='ltr'>defendant</span> 
     </span>
     <span class='ocr_line' id='line_1_18' title="bbox 308 2011 1368 2088; baseline -0.006 -16"><span class='ocrx_word' id='word_1_146' title='bbox 308 2037 340 2072; x_wconf 90' lang='lat' dir='ltr'>ea</span> <span class='ocrx_word' id='word_1_147' title='bbox 354 2016 495 2080; x_wconf 68' lang='lat' dir='ltr'>cuonone,</span> <span class='ocrx_word' id='word_1_148' title='bbox 516 2033 552 2068; x_wconf 89' lang='lat' dir='ltr'>nc</span> <span class='ocrx_word' id='word_1_149' title='bbox 573 2013 716 2067; x_wconf 77' lang='lat' dir='ltr'>fasciculus</span> <span class='ocrx_word' id='word_1_150' title='bbox 738 2013 885 2066; x_wconf 87' lang='lat' dir='ltr'>herbaceus</span> <span class='ocrx_word' id='word_1_151' title='bbox 893 2011 1044 2084; x_wconf 86' lang='lat' dir='ltr'>&#39;impositus</span> <span class='ocrx_word' id='word_1_152' title='bbox 1062 2013 1166 2069; x_wconf 86' lang='lat' dir='ltr'>discum</span> <span class='ocrx_word' id='word_1_153' title='bbox 1184 2018 1312 2088; x_wconf 74' lang='lat' dir='ltr'>attingat,</span> <span class='ocrx_word' id='word_1_154' title='bbox 1324 2015 1368 2066; x_wconf 87' lang='lat' dir='ltr'>boc</span> 
     </span>
     <span class='ocr_line' id='line_1_19' title="bbox 310 2098 1366 2174; baseline -0.007 -15"><span class='ocrx_word' id='word_1_155' title='bbox 310 2107 363 2159; x_wconf 85' lang='lat' dir='ltr'>line</span> <span class='ocrx_word' id='word_1_156' title='bbox 380 2103 410 2156; x_wconf 89' lang='lat' dir='ltr'>iu</span> <span class='ocrx_word' id='word_1_157' title='bbox 433 2119 527 2155; x_wconf 89' lang='lat' dir='ltr'>arcum</span> <span class='ocrx_word' id='word_1_158' title='bbox 546 2098 749 2173; x_wconf 85' lang='lat' dir='ltr'>quodammodo</span> <span class='ocrx_word' id='word_1_159' title='bbox 767 2098 924 2171; x_wconf 79' lang='lat' dir='ltr'>cogendus,</span> <span class='ocrx_word' id='word_1_160' title='bbox 942 2113 1111 2156; x_wconf 73' lang='lat' dir='ltr'><strong>emanantem</strong></span> <span class='ocrx_word' id='word_1_161' title='bbox 1133 2121 1244 2158; x_wconf 88' lang='lat' dir='ltr'>succum</span> <span class='ocrx_word' id='word_1_162' title='bbox 1262 2103 1366 2174; x_wconf 81' lang='lat' dir='ltr'>alioquin</span> 
     </span>
     <span class='ocr_line' id='line_1_20' title="bbox 308 2195 484 2248; baseline -0.017 0"><span class='ocrx_word' id='word_1_163' title='bbox 308 2195 484 2248; x_wconf 67' lang='lat' dir='ltr'>discursurus.</span> 
     </span>
    </p>

    <p class='ocr_par' dir='ltr' id='par_1_5' title="bbox 258 2278 1367 4189">
     <span class='ocr_line' id='line_1_21' title="bbox 342 2278 1367 2353; baseline 0.002 -19"><span class='ocrx_word' id='word_1_164' title='bbox 342 2283 453 2335; x_wconf 85' lang='lat' dir='ltr'>Postero</span> <span class='ocrx_word' id='word_1_165' title='bbox 469 2278 550 2332; x_wconf 86' lang='lat' dir='ltr'>dicio</span> <span class='ocrx_word' id='word_1_166' title='bbox 563 2279 676 2333; x_wconf 88' lang='lat' dir='ltr'>alterum</span> <span class='ocrx_word' id='word_1_167' title='bbox 688 2279 777 2333; x_wconf 86' lang='lat' dir='ltr'>locum</span> <span class='ocrx_word' id='word_1_168' title='bbox 789 2279 915 2351; x_wconf 77' lang='lat' dir='ltr'>migrant,</span> <span class='ocrx_word' id='word_1_169' title='bbox 927 2290 1009 2353; x_wconf 83' lang='lat' dir='ltr'>atque</span> <span class='ocrx_word' id='word_1_170' title='bbox 1017 2280 1112 2336; x_wconf 84' lang='lat' dir='ltr'>eodem</span> <span class='ocrx_word' id='word_1_171' title='bbox 1123 2281 1209 2336; x_wconf 87' lang='lat' dir='ltr'>modo</span> <span class='ocrx_word' id='word_1_172' title='bbox 1219 2281 1294 2337; x_wconf 82' lang='lat' dir='ltr'>radix</span> <span class='ocrx_word' id='word_1_173' title='bbox 1305 2293 1367 2345; x_wconf 71' lang='lat' dir='ltr'>uun·</span> 
     </span>
     <span class='ocr_line' id='line_1_22' title="bbox 308 2364 1365 2442; baseline -0.006 -18"><span class='ocrx_word' id='word_1_174' title='bbox 308 2381 400 2435; x_wconf 86' lang='lat' dir='ltr'>catur,</span> <span class='ocrx_word' id='word_1_175' title='bbox 415 2366 542 2439; x_wconf 86' lang='lat' dir='ltr'>omnique</span> <span class='ocrx_word' id='word_1_176' title='bbox 561 2364 651 2420; x_wconf 86' lang='lat' dir='ltr'>studio</span> <span class='ocrx_word' id='word_1_177' title='bbox 673 2385 767 2420; x_wconf 89' lang='lat' dir='ltr'>rursus</span> <span class='ocrx_word' id='word_1_178' title='bbox 786 2367 914 2438; x_wconf 89' lang='lat' dir='ltr'>operitur.</span> <span class='ocrx_word' id='word_1_179' title='bbox 933 2369 1026 2422; x_wconf 90' lang='lat' dir='ltr'>Tertio</span> <span class='ocrx_word' id='word_1_180' title='bbox 1044 2368 1087 2423; x_wconf 88' lang='lat' dir='ltr'>die</span> <span class='ocrx_word' id='word_1_181' title='bbox 1104 2369 1135 2422; x_wconf 91' lang='lat' dir='ltr'>in</span> <span class='ocrx_word' id='word_1_182' title='bbox 1156 2371 1274 2442; x_wconf 76' lang='lat' dir='ltr'>priorem</span> <span class='ocrx_word' id='word_1_183' title='bbox 1289 2369 1365 2422; x_wconf 82' lang='lat' dir='ltr'>locam</span> 
     </span>
     <span class='ocr_line' id='line_1_23' title="bbox 307 2455 1365 2532; baseline -0.003 -20"><span class='ocrx_word' id='word_1_184' title='bbox 307 2458 437 2532; x_wconf 70' lang='lat' dir='ltr'>repressi,</span> <span class='ocrx_word' id='word_1_185' title='bbox 455 2457 566 2510; x_wconf 87' lang='lat' dir='ltr'>remotis</span> <span class='ocrx_word' id='word_1_186' title='bbox 579 2455 760 2518; x_wconf 72' lang='lat' dir='ltr'>umbraculis,</span> <span class='ocrx_word' id='word_1_187' title='bbox 775 2455 908 2528; x_wconf 82' lang='lat' dir='ltr'>liquorem</span> <span class='ocrx_word' id='word_1_188' title='bbox 925 2457 953 2510; x_wconf 88' lang='lat' dir='ltr'>in</span> <span class='ocrx_word' id='word_1_189' title='bbox 968 2459 1110 2530; x_wconf 83' lang='lat' dir='ltr'>superficie</span> <span class='ocrx_word' id='word_1_190' title='bbox 1122 2458 1273 2532; x_wconf 86' lang='lat' dir='ltr'>depositum</span> <span class='ocrx_word' id='word_1_191' title='bbox 1285 2456 1365 2530; x_wconf 86' lang='lat' dir='ltr'>spatba</span> 
     </span>
     <span class='ocr_line' id='line_1_24' title="bbox 307 2541 1365 2618; baseline 0.005 -23"><span class='ocrx_word' id='word_1_192' title='bbox 307 2556 463 2618; x_wconf 67' lang='lat' dir='ltr'>excerpunt,</span> <span class='ocrx_word' id='word_1_193' title='bbox 474 2554 502 2597; x_wconf 89' lang='lat' dir='ltr'>et</span> <span class='ocrx_word' id='word_1_194' title='bbox 513 2541 628 2596; x_wconf 84' lang='lat' dir='ltr'>subinde</span> <span class='ocrx_word' id='word_1_195' title='bbox 642 2541 783 2614; x_wconf 84' lang='lat' dir='ltr'>deponunt</span> <span class='ocrx_word' id='word_1_196' title='bbox 799 2543 827 2596; x_wconf 89' lang='lat' dir='ltr'>iu</span> <span class='ocrx_word' id='word_1_197' title='bbox 839 2545 1037 2616; x_wconf 77' lang='lat' dir='ltr'>receptaculum</span> <span class='ocrx_word' id='word_1_198' title='bbox 1057 2545 1132 2618; x_wconf 87' lang='lat' dir='ltr'>quod</span> <span class='ocrx_word' id='word_1_199' title='bbox 1149 2548 1248 2602; x_wconf 79' lang='lat' dir='ltr'>femori</span> <span class='ocrx_word' id='word_1_200' title='bbox 1262 2546 1365 2602; x_wconf 73' lang='lat' dir='ltr'>iuberet·</span> 
     </span>
     <span class='ocr_line' id='line_1_25' title="bbox 307 2629 1364 2704; baseline -0.001 -17"><span class='ocrx_word' id='word_1_201' title='bbox 307 2633 386 2687; x_wconf 85' lang='lat' dir='ltr'>Tune</span> <span class='ocrx_word' id='word_1_202' title='bbox 405 2641 508 2685; x_wconf 86' lang='lat' dir='ltr'>remota</span> <span class='ocrx_word' id='word_1_203' title='bbox 529 2641 607 2682; x_wconf 70' lang='lat' dir='ltr'>terra</span> <span class='ocrx_word' id='word_1_204' title='bbox 624 2629 811 2684; x_wconf 88' lang='lat' dir='ltr'>accumbentis</span> <span class='ocrx_word' id='word_1_205' title='bbox 833 2631 957 2702; x_wconf 82' lang='lat' dir='ltr'>portione</span> <span class='ocrx_word' id='word_1_206' title='bbox 970 2643 1069 2704; x_wconf 88' lang='lat' dir='ltr'>quanta</span> <span class='ocrx_word' id='word_1_207' title='bbox 1082 2634 1197 2688; x_wconf 84' lang='lat' dir='ltr'>sectioni</span> <span class='ocrx_word' id='word_1_208' title='bbox 1216 2635 1304 2698; x_wconf 82' lang='lat' dir='ltr'>obest,</span> <span class='ocrx_word' id='word_1_209' title='bbox 1316 2651 1364 2686; x_wconf 83' lang='lat' dir='ltr'>arr·</span> 
     </span>
     <span class='ocr_line' id='line_1_26' title="bbox 307 2715 1364 2789; baseline -0.003 -15"><span class='ocrx_word' id='word_1_210' title='bbox 307 2731 425 2774; x_wconf 82' lang='lat' dir='ltr'>scentem</span> <span class='ocrx_word' id='word_1_211' title='bbox 438 2717 505 2770; x_wconf 85' lang='lat' dir='ltr'>disci</span> <span class='ocrx_word' id='word_1_212' title='bbox 518 2715 687 2789; x_wconf 82' lang='lat' dir='ltr'>superficiem</span> <span class='ocrx_word' id='word_1_213' title='bbox 702 2728 839 2783; x_wconf 86' lang='lat' dir='ltr'>resecant,</span> <span class='ocrx_word' id='word_1_214' title='bbox 856 2717 944 2771; x_wconf 89' lang='lat' dir='ltr'>ablato</span> <span class='ocrx_word' id='word_1_215' title='bbox 963 2729 1065 2773; x_wconf 87' lang='lat' dir='ltr'>tautum</span> <span class='ocrx_word' id='word_1_216' title='bbox 1085 2721 1208 2776; x_wconf 86' lang='lat' dir='ltr'>orbiculo</span> <span class='ocrx_word' id='word_1_217' title='bbox 1230 2719 1364 2776; x_wconf 72' lang='lat' dir='ltr'>tenuissimo</span> 
     </span>
     <span class='ocr_line' id='line_1_27' title="bbox 308 2805 1363 2884; baseline 0.001 -21"><span class='ocrx_word' id='word_1_218' title='bbox 308 2807 351 2863; x_wconf 87' lang='lat' dir='ltr'>ria</span> <span class='ocrx_word' id='word_1_219' title='bbox 364 2806 484 2862; x_wconf 87' lang='lat' dir='ltr'>culmum</span> <span class='ocrx_word' id='word_1_220' title='bbox 501 2822 664 2859; x_wconf 79' lang='lat' dir='ltr'>avenaceum</span> <span class='ocrx_word' id='word_1_221' title='bbox 678 2823 779 2859; x_wconf 84' lang='lat' dir='ltr'>crasso.</span> <span class='ocrx_word' id='word_1_222' title='bbox 790 2805 857 2860; x_wconf 86' lang='lat' dir='ltr'>Satis</span> <span class='ocrx_word' id='word_1_223' title='bbox 870 2805 944 2860; x_wconf 85' lang='lat' dir='ltr'>euim</span> <span class='ocrx_word' id='word_1_224' title='bbox 953 2815 992 2860; x_wconf 79' lang='lat' dir='ltr'>&#39;est</span> <span class='ocrx_word' id='word_1_225' title='bbox 1001 2847 1008 2868; x_wconf 89' lang='lat'>,</span> <span class='ocrx_word' id='word_1_226' title='bbox 1018 2809 1040 2861; x_wconf 89' lang='lat' dir='ltr'>si</span> <span class='ocrx_word' id='word_1_227' title='bbox 1053 2809 1097 2863; x_wconf 86' lang='lat' dir='ltr'>rel</span> <span class='ocrx_word' id='word_1_228' title='bbox 1107 2810 1221 2875; x_wconf 84' lang='lat' dir='ltr'>extima,</span> <span class='ocrx_word' id='word_1_229' title='bbox 1234 2830 1289 2884; x_wconf 80' lang='lat' dir='ltr'>qun</span> <span class='ocrx_word' id='word_1_230' title='bbox 1300 2824 1363 2880; x_wconf 80' lang='lat' dir='ltr'>poros</span> 
     </span>
     <span class='ocr_line' id='line_1_28' title="bbox 306 2893 1363 2969; baseline -0.004 -17"><span class='ocrx_word' id='word_1_231' title='bbox 306 2894 448 2952; x_wconf 84' lang='lat' dir='ltr'>claudebat</span> <span class='ocrx_word' id='word_1_232' title='bbox 456 2931 471 2968; x_wconf 75' lang='lat'>¹.</span> <span class='ocrx_word' id='word_1_233' title='bbox 478 2893 632 2965; x_wconf 84' lang='lat' dir='ltr'>superficies</span> <span class='ocrx_word' id='word_1_234' title='bbox 650 2893 787 2948; x_wconf 85' lang='lat' dir='ltr'>auferatur</span> <span class='ocrx_word' id='word_1_235' title='bbox 795 2931 804 2959; x_wconf 95' lang='lat'>,</span> <span class='ocrx_word' id='word_1_236' title='bbox 821 2913 874 2968; x_wconf 83' lang='lat' dir='ltr'>qua</span> <span class='ocrx_word' id='word_1_237' title='bbox 888 2913 944 2948; x_wconf 85' lang='lat' dir='ltr'>nou</span> <span class='ocrx_word' id='word_1_238' title='bbox 961 2897 1066 2968; x_wconf 91' lang='lat' dir='ltr'>possint</span> <span class='ocrx_word' id='word_1_239' title='bbox 1079 2917 1135 2969; x_wconf 80' lang='lat' dir='ltr'>pass</span> <span class='ocrx_word' id='word_1_240' title='bbox 1147 2899 1267 2955; x_wconf 85' lang='lat' dir='ltr'>siccitate</span> <span class='ocrx_word' id='word_1_241' title='bbox 1274 2895 1363 2953; x_wconf 76' lang='lat' dir='ltr'>occlusi</span> 
     </span>
     <span class='ocr_line' id='line_1_29' title="bbox 307 2981 1362 3061; baseline -0.003 -21"><span class='ocrx_word' id='word_1_242' title='bbox 307 2985 404 3040; x_wconf 87' lang='lat' dir='ltr'>ductus</span> <span class='ocrx_word' id='word_1_243' title='bbox 416 3000 528 3038; x_wconf 89' lang='lat' dir='ltr'>succum</span> <span class='ocrx_word' id='word_1_244' title='bbox 548 2981 692 3036; x_wconf 88' lang='lat' dir='ltr'>dimittere.</span> <span class='ocrx_word' id='word_1_245' title='bbox 709 2982 872 3036; x_wconf 87' lang='lat' dir='ltr'>Colleotores</span> <span class='ocrx_word' id='word_1_246' title='bbox 893 2983 1006 3039; x_wconf 84' lang='lat' dir='ltr'>subinde</span> <span class='ocrx_word' id='word_1_247' title='bbox 1028 2987 1140 3058; x_wconf 86' lang='lat' dir='ltr'>patellas</span> <span class='ocrx_word' id='word_1_248' title='bbox 1158 2987 1287 3061; x_wconf 86' lang='lat' dir='ltr'>deplent,</span> <span class='ocrx_word' id='word_1_249' title='bbox 1303 2986 1362 3040; x_wconf 86' lang='lat' dir='ltr'>etin</span> 
     </span>
     <span class='ocr_line' id='line_1_30' title="bbox 307 3070 1361 3146; baseline 0.007 -23"><span class='ocrx_word' id='word_1_250' title='bbox 307 3070 474 3144; x_wconf 81' lang='lat' dir='ltr'>receptacula</span> <span class='ocrx_word' id='word_1_251' title='bbox 487 3071 603 3141; x_wconf 80' lang='lat' dir='ltr'>majora,</span> <span class='ocrx_word' id='word_1_252' title='bbox 619 3070 662 3122; x_wconf 86' lang='lat' dir='ltr'>rel</span> <span class='ocrx_word' id='word_1_253' title='bbox 676 3070 705 3123; x_wconf 92' lang='lat' dir='ltr'>iu</span> <span class='ocrx_word' id='word_1_254' title='bbox 726 3071 789 3124; x_wconf 80' lang='lat' dir='ltr'>lolia</span> <span class='ocrx_word' id='word_1_255' title='bbox 803 3070 880 3124; x_wconf 83' lang='lat' dir='ltr'>humi</span> <span class='ocrx_word' id='word_1_256' title='bbox 892 3085 971 3126; x_wconf 87' lang='lat' dir='ltr'>strata</span> <span class='ocrx_word' id='word_1_257' title='bbox 986 3093 1159 3145; x_wconf 71' lang='lat' dir='ltr'>pummosuut</span> <span class='ocrx_word' id='word_1_258' title='bbox 1174 3095 1283 3132; x_wconf 85' lang='lat' dir='ltr'>succum</span> <span class='ocrx_word' id='word_1_259' title='bbox 1295 3075 1361 3146; x_wconf 76' lang='lat' dir='ltr'>depo·</span> 
     </span>
     <span class='ocr_line' id='line_1_31' title="bbox 307 3157 1361 3232; baseline 0.003 -19"><span class='ocrx_word' id='word_1_260' title='bbox 307 3173 391 3225; x_wconf 87' lang='lat' dir='ltr'>nunt,</span> <span class='ocrx_word' id='word_1_261' title='bbox 409 3172 440 3213; x_wconf 88' lang='lat' dir='ltr'>ut</span> <span class='ocrx_word' id='word_1_262' title='bbox 459 3159 510 3212; x_wconf 89' lang='lat' dir='ltr'>soli</span> <span class='ocrx_word' id='word_1_263' title='bbox 531 3159 663 3231; x_wconf 85' lang='lat' dir='ltr'>expositus</span> <span class='ocrx_word' id='word_1_264' title='bbox 684 3160 767 3232; x_wconf 77' lang='lat' dir='ltr'>magis</span> <span class='ocrx_word' id='word_1_265' title='bbox 790 3157 948 3214; x_wconf 83' lang='lat' dir='ltr'>indurescat.</span> <span class='ocrx_word' id='word_1_266' title='bbox 961 3160 1006 3215; x_wconf 90' lang='lat' dir='ltr'>Sic</span> <span class='ocrx_word' id='word_1_267' title='bbox 1021 3161 1159 3218; x_wconf 78' lang='lat' dir='ltr'>diversum</span> <span class='ocrx_word' id='word_1_268' title='bbox 1174 3183 1190 3218; x_wconf 91' lang='lat' dir='ltr'>a</span> <span class='ocrx_word' id='word_1_269' title='bbox 1205 3166 1297 3221; x_wconf 80' lang='lat' dir='ltr'>natiso</span> <span class='ocrx_word' id='word_1_270' title='bbox 1311 3179 1361 3216; x_wconf 87' lang='lat' dir='ltr'>caa-</span> 
     </span>
     <span class='ocr_line' id='line_1_32' title="bbox 307 3245 1362 3326; baseline -0.002 -22"><span class='ocrx_word' id='word_1_271' title='bbox 307 3249 375 3304; x_wconf 90' lang='lat' dir='ltr'>dore</span> <span class='ocrx_word' id='word_1_272' title='bbox 387 3248 506 3302; x_wconf 86' lang='lat' dir='ltr'>colorem</span> <span class='ocrx_word' id='word_1_273' title='bbox 521 3245 610 3300; x_wconf 88' lang='lat' dir='ltr'>induit</span> <span class='ocrx_word' id='word_1_274' title='bbox 622 3265 671 3318; x_wconf 90' lang='lat' dir='ltr'>pro</span> <span class='ocrx_word' id='word_1_275' title='bbox 684 3247 800 3320; x_wconf 80' lang='lat' dir='ltr'>partiam</span> <span class='ocrx_word' id='word_1_276' title='bbox 816 3249 943 3314; x_wconf 86' lang='lat' dir='ltr'>mollitie,</span> <span class='ocrx_word' id='word_1_277' title='bbox 956 3263 982 3306; x_wconf 85' lang='lat' dir='ltr'>et</span> <span class='ocrx_word' id='word_1_278' title='bbox 997 3250 1049 3305; x_wconf 85' lang='lat' dir='ltr'>situ</span> <span class='ocrx_word' id='word_1_279' title='bbox 1065 3251 1182 3316; x_wconf 61' lang='lat' dir='ltr'>diverso,</span> <span class='ocrx_word' id='word_1_280' title='bbox 1192 3255 1242 3326; x_wconf 84' lang='lat' dir='ltr'>qui</span> <span class='ocrx_word' id='word_1_281' title='bbox 1255 3263 1362 3309; x_wconf 73' lang='lat' dir='ltr'>torretes</span> 
     </span>
     <span class='ocr_line' id='line_1_33' title="bbox 258 3323 1361 3408; baseline 0.005 -17"><span class='ocrx_word' id='word_1_282' title='bbox 258 3367 260 3371; x_wconf 95' lang='lat'>·</span> <span class='ocrx_word' id='word_1_283' title='bbox 305 3337 394 3392; x_wconf 88' lang='lat' dir='ltr'>radios</span> <span class='ocrx_word' id='word_1_284' title='bbox 416 3333 581 3407; x_wconf 79' lang='lat' dir='ltr'>inaequaliter</span> <span class='ocrx_word' id='word_1_285' title='bbox 594 3332 729 3388; x_wconf 76' lang='lat' dir='ltr'>admittit:</span> <span class='ocrx_word' id='word_1_286' title='bbox 744 3333 834 3388; x_wconf 89' lang='lat' dir='ltr'>rodice</span> <span class='ocrx_word' id='word_1_287' title='bbox 847 3349 991 3408; x_wconf 77' lang='lat' dir='ltr'>cooperio,</span> <span class='ocrx_word' id='word_1_288' title='bbox 1008 3337 1085 3394; x_wconf 83' lang='lat' dir='ltr'>labor</span> <span class='ocrx_word' id='word_1_289' title='bbox 1102 3341 1194 3396; x_wconf 78' lang='lat' dir='ltr'>finitus</span> <span class='ocrx_word' id='word_1_290' title='bbox 1211 3358 1260 3396; x_wconf 79' lang='lat' dir='ltr'>est</span> <span class='ocrx_word' id='word_1_291' title='bbox 1277 3323 1361 3408; x_wconf 76' lang='lat' dir='ltr'>Quarlc</span> 
     </span>
     <span class='ocr_line' id='line_1_34' title="bbox 306 3419 1361 3502; baseline 0.007 -25"><span class='ocrx_word' id='word_1_292' title='bbox 306 3424 350 3478; x_wconf 87' lang='lat' dir='ltr'>die</span> <span class='ocrx_word' id='word_1_293' title='bbox 363 3423 397 3476; x_wconf 90' lang='lat' dir='ltr'>ad</span> <span class='ocrx_word' id='word_1_294' title='bbox 406 3422 511 3476; x_wconf 77' lang='lat' dir='ltr'>ulterius</span> <span class='ocrx_word' id='word_1_295' title='bbox 523 3421 576 3473; x_wconf 89' lang='lat' dir='ltr'>loci</span> <span class='ocrx_word' id='word_1_296' title='bbox 586 3419 688 3474; x_wconf 85' lang='lat' dir='ltr'>radices</span> <span class='ocrx_word' id='word_1_297' title='bbox 698 3421 821 3476; x_wconf 87' lang='lat' dir='ltr'>redeunt.</span> <span class='ocrx_word' id='word_1_298' title='bbox 835 3421 998 3479; x_wconf 82' lang='lat' dir='ltr'>Gummosus</span> <span class='ocrx_word' id='word_1_299' title='bbox 1006 3443 1103 3483; x_wconf 84' lang='lat' dir='ltr'>succus</span> <span class='ocrx_word' id='word_1_300' title='bbox 1113 3429 1251 3502; x_wconf 73' lang='lat' dir='ltr'>colligitur</span> <span class='ocrx_word' id='word_1_301' title='bbox 1261 3437 1361 3496; x_wconf 74' lang='lat' dir='ltr'>;re1aol⁰</span> 
     </span>
     <span class='ocr_line' id='line_1_35' title="bbox 306 3508 1360 3589; baseline 0.007 -24"><span class='ocrx_word' id='word_1_302' title='bbox 306 3525 383 3566; x_wconf 78' lang='lat' dir='ltr'>terris</span> <span class='ocrx_word' id='word_1_303' title='bbox 402 3511 557 3574; x_wconf 87' lang='lat' dir='ltr'>obstaculo,</span> <span class='ocrx_word' id='word_1_304' title='bbox 570 3508 676 3565; x_wconf 77' lang='lat' dir='ltr'>radices</span> <span class='ocrx_word' id='word_1_305' title='bbox 693 3509 896 3576; x_wconf 81' lang='lat' dir='ltr'>rescinduntur,</span> <span class='ocrx_word' id='word_1_306' title='bbox 916 3531 1062 3587; x_wconf 77' lang='lat' dir='ltr'>trususque</span> <span class='ocrx_word' id='word_1_307' title='bbox 1077 3527 1268 3589; x_wconf 73' lang='lat' dir='ltr'>conteguntur.</span> <span class='ocrx_word' id='word_1_308' title='bbox 1283 3515 1360 3587; x_wconf 79' lang='lat' dir='ltr'>Siaqtt</span> 
     </span>
     <span class='ocr_line' id='line_1_36' title="bbox 306 3598 1360 3671; baseline 0.008 -17"><span class='ocrx_word' id='word_1_309' title='bbox 306 3598 440 3655; x_wconf 85' lang='lat' dir='ltr'>secundus</span> <span class='ocrx_word' id='word_1_310' title='bbox 453 3609 528 3652; x_wconf 87' lang='lat' dir='ltr'>actus</span> <span class='ocrx_word' id='word_1_311' title='bbox 544 3598 693 3668; x_wconf 72' lang='lat' dir='ltr'>peragitur,</span> <span class='ocrx_word' id='word_1_312' title='bbox 707 3599 826 3671; x_wconf 74' lang='lat' dir='ltr'>singulas</span> <span class='ocrx_word' id='word_1_313' title='bbox 839 3599 943 3654; x_wconf 85' lang='lat' dir='ltr'>radices</span> <span class='ocrx_word' id='word_1_314' title='bbox 959 3603 1068 3658; x_wconf 84' lang='lat' dir='ltr'>alteruis</span> <span class='ocrx_word' id='word_1_315' title='bbox 1088 3604 1185 3660; x_wconf 87' lang='lat' dir='ltr'>dicbus</span> <span class='ocrx_word' id='word_1_316' title='bbox 1203 3619 1248 3661; x_wconf 80' lang='lat' dir='ltr'>ter</span> <span class='ocrx_word' id='word_1_317' title='bbox 1266 3601 1360 3662; x_wconf 74' lang='lat' dir='ltr'>setand⁰</span> 
     </span>
     <span class='ocr_line' id='line_1_37' title="bbox 306 3685 1360 3761; baseline 0.001 -18"><span class='ocrx_word' id='word_1_318' title='bbox 306 3699 332 3743; x_wconf 90' lang='lat' dir='ltr'>et</span> <span class='ocrx_word' id='word_1_319' title='bbox 344 3705 453 3742; x_wconf 88' lang='lat' dir='ltr'>succum</span> <span class='ocrx_word' id='word_1_320' title='bbox 466 3685 507 3739; x_wconf 90' lang='lat' dir='ltr'>bia</span> <span class='ocrx_word' id='word_1_321' title='bbox 519 3685 679 3756; x_wconf 73' lang='lat' dir='ltr'>colligendo.</span> <span class='ocrx_word' id='word_1_322' title='bbox 693 3687 772 3742; x_wconf 87' lang='lat' dir='ltr'>Tunc</span> <span class='ocrx_word' id='word_1_323' title='bbox 790 3687 893 3742; x_wconf 81' lang='lat' dir='ltr'>radices</span> <span class='ocrx_word' id='word_1_324' title='bbox 907 3708 956 3761; x_wconf 90' lang='lat' dir='ltr'>per</span> <span class='ocrx_word' id='word_1_325' title='bbox 968 3704 1030 3745; x_wconf 93' lang='lat' dir='ltr'>octo</span> <span class='ocrx_word' id='word_1_326' title='bbox 1043 3694 1086 3748; x_wconf 84' lang='lat' dir='ltr'>vei</span> <span class='ocrx_word' id='word_1_327' title='bbox 1099 3693 1194 3748; x_wconf 88' lang='lat' dir='ltr'>decem</span> <span class='ocrx_word' id='word_1_328' title='bbox 1208 3693 1268 3750; x_wconf 85' lang='lat' dir='ltr'>dies</span> <span class='ocrx_word' id='word_1_329' title='bbox 1276 3697 1360 3748; x_wconf 85' lang='lat' dir='ltr'>intacta</span> 
     </span>
     <span class='ocr_line' id='line_1_38' title="bbox 305 3775 1359 3853; baseline 0.006 -25"><span class='ocrx_word' id='word_1_330' title='bbox 305 3775 493 3847; x_wconf 82' lang='lat' dir='ltr'>relinquuntur</span> <span class='ocrx_word' id='word_1_331' title='bbox 503 3790 511 3836; x_wconf 86' lang='lat'>;</span> <span class='ocrx_word' id='word_1_332' title='bbox 521 3783 548 3826; x_wconf 88' lang='lat' dir='ltr'>et</span> <span class='ocrx_word' id='word_1_333' title='bbox 560 3791 666 3827; x_wconf 89' lang='lat' dir='ltr'>annona</span> <span class='ocrx_word' id='word_1_334' title='bbox 675 3775 763 3827; x_wconf 87' lang='lat' dir='ltr'>omnis</span> <span class='ocrx_word' id='word_1_335' title='bbox 776 3775 803 3828; x_wconf 88' lang='lat' dir='ltr'>in</span> <span class='ocrx_word' id='word_1_336' title='bbox 819 3777 913 3830; x_wconf 82' lang='lat' dir='ltr'>corbes</span> <span class='ocrx_word' id='word_1_337' title='bbox 925 3791 1052 3853; x_wconf 68' lang='lat' dir='ltr'>congesta</span> <span class='ocrx_word' id='word_1_338' title='bbox 1061 3817 1069 3844; x_wconf 97' lang='lat'>,</span> <span class='ocrx_word' id='word_1_339' title='bbox 1078 3780 1199 3835; x_wconf 82' lang='lat' dir='ltr'>humeris</span> <span class='ocrx_word' id='word_1_340' title='bbox 1211 3783 1359 3836; x_wconf 76' lang='lat' dir='ltr'>incumbente</span> 
     </span>
     <span class='ocr_line' id='line_1_39' title="bbox 305 3861 1360 3942; baseline 0.008 -27"><span class='ocrx_word' id='word_1_341' title='bbox 305 3863 422 3935; x_wconf 89' lang='lat' dir='ltr'>pertica,</span> <span class='ocrx_word' id='word_1_342' title='bbox 440 3861 553 3915; x_wconf 83' lang='lat' dir='ltr'>domurn</span> <span class='ocrx_word' id='word_1_343' title='bbox 566 3873 775 3935; x_wconf 79' lang='lat' dir='ltr'>transportatur,</span> <span class='ocrx_word' id='word_1_344' title='bbox 789 3864 899 3936; x_wconf 74' lang='lat' dir='ltr'>siugulis</span> <span class='ocrx_word' id='word_1_345' title='bbox 915 3879 1030 3939; x_wconf 85' lang='lat' dir='ltr'>quatuor</span> <span class='ocrx_word' id='word_1_346' title='bbox 1043 3871 1088 3924; x_wconf 83' lang='lat' dir='ltr'>rel</span> <span class='ocrx_word' id='word_1_347' title='bbox 1107 3870 1229 3942; x_wconf 78' lang='lat' dir='ltr'>quinque</span> <span class='ocrx_word' id='word_1_348' title='bbox 1238 3869 1360 3924; x_wconf 76' lang='lat' dir='ltr'>bominac</span> 
     </span>
     <span class='ocr_line' id='line_1_40' title="bbox 305 3950 1359 4030; baseline -0.001 -25"><span class='ocrx_word' id='word_1_349' title='bbox 305 3950 475 4008; x_wconf 84' lang='lat' dir='ltr'>societatibus</span> <span class='ocrx_word' id='word_1_350' title='bbox 490 3950 603 4022; x_wconf 89' lang='lat' dir='ltr'>spolium</span> <span class='ocrx_word' id='word_1_351' title='bbox 620 3951 750 4006; x_wconf 90' lang='lat' dir='ltr'>librarum</span> <span class='ocrx_word' id='word_1_352' title='bbox 764 3952 868 4008; x_wconf 89' lang='lat' dir='ltr'>circiter</span> <span class='ocrx_word' id='word_1_353' title='bbox 886 3956 1076 4030; x_wconf 71' lang='lat' dir='ltr'>quinquaginta</span> <span class='ocrx_word' id='word_1_354' title='bbox 1094 3958 1278 4014; x_wconf 81' lang='lat' dir='ltr'>referentibus.</span> <span class='ocrx_word' id='word_1_355' title='bbox 1290 3957 1359 4027; x_wconf 79' lang='lat' dir='ltr'>liujus</span> 
     </span>
     <span class='ocr_line' id='line_1_41' title="bbox 306 4035 1360 4120; baseline 0.01 -28"><span class='ocrx_word' id='word_1_356' title='bbox 306 4039 399 4112; x_wconf 69' lang='lat' dir='ltr'>primu</span> <span class='ocrx_word' id='word_1_357' title='bbox 412 4035 577 4092; x_wconf 83' lang='lat' dir='ltr'>collectionis</span> <span class='ocrx_word' id='word_1_358' title='bbox 598 4038 717 4112; x_wconf 74' lang='lat' dir='ltr'>lacryma</span> <span class='ocrx_word' id='word_1_359' title='bbox 732 4058 789 4114; x_wconf 85' lang='lat' dir='ltr'>uun</span> <span class='ocrx_word' id='word_1_360' title='bbox 802 4040 915 4102; x_wconf 85' lang='lat' dir='ltr'>habetur</span> <span class='ocrx_word' id='word_1_361' title='bbox 936 4062 987 4120; x_wconf 88' lang='lat' dir='ltr'>pro</span> <span class='ocrx_word' id='word_1_362' title='bbox 1005 4063 1060 4103; x_wconf 87' lang='lat' dir='ltr'>assa</span> <span class='ocrx_word' id='word_1_363' title='bbox 1076 4047 1194 4119; x_wconf 90' lang='lat' dir='ltr'>optima,</span> <span class='ocrx_word' id='word_1_364' title='bbox 1208 4047 1256 4110; x_wconf 79' lang='lat' dir='ltr'>sed</span> <span class='ocrx_word' id='word_1_365' title='bbox 1267 4041 1360 4102; x_wconf 70' lang='lat' dir='ltr'>ialttt&#39;t*</span> 
     </span>
     <span class='ocr_line' id='line_1_42' title="bbox 305 4128 441 4189; baseline 0.015 -2"><span class='ocrx_word' id='word_1_366' title='bbox 305 4128 345 4188; x_wconf 88' lang='lat' dir='ltr'>ris</span> <span class='ocrx_word' id='word_1_367' title='bbox 363 4137 441 4189; x_wconf 68' lang='lat' dir='ltr'>now·</span> 
     </span>
    </p>
   </div>
   <div class='ocr_carea' id='block_1_3' title="bbox 0 0 1468 5009">
    <p class='ocr_par' dir='ltr' id='par_1_6' title="bbox 0 0 1468 5009">
     <span class='ocr_line' id='line_1_43' title="bbox 0 0 1468 5009; baseline 0 1"><span class='ocrx_word' id='word_1_368' title='bbox 0 0 1468 5009; x_wconf 95' lang='lat' dir='ltr'> </span> 
     </span>
    </p>
   </div>
  </div>
 </body>
</html>
