2925 5009
323 469 399 566 498
586 468 625 536 C.
656 469 826 539 PLlNII
854 469 967 539 Nau.
997 471 1124 539 HIST.

322 587 492 698 anginas'⁶
516 615 551 670 et
571 601 740 670 arterias¹7
771 627 848 671 eum
874 599 1028 672 melleet
1052 601 1125 672 oleo
1148 615 1263 671 vetere
1287 617 1387 672 sanat.

290 746 302 781 t
376 712 435 779 lv.
453 698 525 800 (tt.)
550 705 649 774 Multi
665 707 756 778 hunc
774 733 845 778 esse
864 707 953 802 apud
976 733 1038 776 nos
1054 709 1112 802 qui
1131 707 1313 804 anguinus'
1336 733 1388 776 ro·

322 831 434 901 cetur,
455 814 498 883 ab
513 812 778 897 shismaticos,
794 815 1008 884 arbitrantur.
1024 817 1104 903 Quo
1122 815 1264 885 decocto
1278 837 1390 909 sparsa

321 948 435 992 mures
449 945 517 990 non
538 921 718 1013 attingunt.
732 921 839 990 litlent
857 921 1013 1016 podagris
1032 945 1109 990 cunt
1127 921 1259 990 articuli
1269 921 1392 990 morbis

321 1029 497 1098 decoctum
518 1029 552 1096 in
574 1041 669 1094 soeto
690 1025 844 1115 illinunt,
865 1041 1094 1123 praesernaneo
1116 1027 1274 1097 remedio.
1298 1030 1390 1097 Luta·

321 1135 441 1204 borum
457 1157 539 1202 vero
549 1131 657 1201 dolori
670 1135 795 1202 semine
808 1131 879 1204 sole
892 1137 1037 1220 sinuato,
1053 1134 1129 1202 dein
1144 1135 1241 1218 trito,
1255 1135 1389 1228 triginta

321 1237 551 1310 denariorum¹
574 1237 721 1333 pondere
739 1242 775 1308 in
793 1240 928 1309 homins
952 1239 1032 1308 dato
1051 1263 1155 1334 aque.
1170 1242 1273 1309 Sanet
1294 1254 1329 1308 et
1349 1259 1393 1307 tu·

321 1373 432 1416 mores
455 1346 580 1414 subitos
605 1343 722 1413 illitum
753 1371 832 1416 cum
862 1345 947 1415 laete
973 1345 1161 1415 mulierum.
1187 1349 1315 1442 Purgat
1339 1369 1390 1413 ras

322 1453 516 1524 elaterium:
540 1451 597 1522 sed
619 1437 787 1545 gravidis³
809 1452 963 1522 abortum
988 1451 1076 1522 facit.
1106 1454 1302 1548 suspiriosis
1326 1477 1392 1546 pto

321 1561 406 1630 dest.
431 1557 555 1626 Morbo
569 1545 668 1627 veto⁴
690 1561 783 1652 regio
800 1561 834 1626 in
851 1583 947 1629 nares
966 1543 1389 1653 conjectum.1entigines⁵

323 1691 363 1735 ac
384 1662 533 1735 maculas
547 1689 568 1732 e
587 1663 671 1733 facie
690 1662 777 1734 tollit
793 1668 827 1736 in
847 1664 917 1734 sole
938 1663 1066 1734 illitum.

293 1801 303 1830 ι
376 1775 419 1840 V.
433 1768 532 1839 Multi
541 1769 656 1840 eadem
672 1773 782 1840 omnia
793 1773 906 1840 sativis
915 1772 1111 1840 attribuunt.
1123 1773 1289 1865 Magnum
1300 1771 1389 1838 etism

325 1879 358 1946 in
372 1879 420 1946 eis
433 1891 658 1946 momentum:
671 1899 815 1971 namque
829 1894 992 1947 eteorum
1007 1901 1119 1948 senten
1130 1931 1141 1965 ‚
1152 1891 1318 1972 quanttttn
1330 1889 1391 1944 tres

325 1985 418 2078 digiti
444 1982 742 2077 apprehenderint,
761 2009 837 2052 cum
857 1985 993 2054 cumino
1013 1985 1147 2070 tritum,
1168 1983 1390 2079 potumquein

325 2094 421 2172 vino,
442 2089 655 2158 tussientibus
675 2088 861 2158 attributor.
883 2089 948 2159 Sed
971 2105 1006 2158 et
1026 2089 1239 2184 phreniticis¹
1263 2091 1296 2157 in
1317 2087 1391 2158 lacte

328 2195 493 2279 ntttlieris3
520 2209 554 2266 et
578 2193 812 2288 dysentericis²
841 2195 1003 2266 acetabuli
1029 2219 1196 2266 mensura.
1222 2193 1389 2265 Purulenta

371 2445 415 2495 16.
435 2441 559 2508 Argiuos.
579 2437 706 2492 Morbum
718 2437 841 2492 'faucium
885 2461 930 2510 τῳ.
947 2465 959 2487 ι
972 2439 1078 2494 Menses
1098 2440 1166 2508 ciet,
1182 2453 1210 2495 et
1223 2453 1313 2512 partus
1325 2450 1390 2492 uetat

327 2519 520 2592 gratissimum.
531 2516 640 2570 Plautus
653 2517 681 2570 in
694 2519 841 2572 mostellar.
885 2519 1022 2572 elaterium
1034 2519 1062 2572 in
1076 2537 1152 2590 peeso
1162 2515 1309 2574 studitum.
1320 2544 1331 2566 ·
1343 2517 1372 2571 fl.

333 2628 344 2648 .
358 2603 389 2653 ln
407 2599 532 2668 saginem
546 2614 595 2669 ego
617 2614 690 2648 nnnc
703 2615 747 2650 me
762 2599 842 2651 veliin
928 2606 952 2662 4.
968 2599 1133 2651 Marionem.
1151 2601 1275 2654 Dioseor.
1288 2601 1337 2652 loc.
1349 2597 1388 2651 eit.

328 2681 412 2743 verti,
426 2691 455 2730 ut
468 2676 593 2730 venefica
606 2675 646 2728 illi
668 2677 768 2731 Fauces
781 2697 843 2749 pre·
885 2668 989 2748 llnulb
999 2674 1029 2732 ll
1039 2679 1105 2748 psalt
1115 2681 1243 2749 γαλακτις
1252 2681 1284 2740 εἰς
1293 2678 1389 2748 etbclti

328 2757 461 2821 heodem,
484 2767 563 2828 etque
582 2771 690 2808 euecem
708 2757 843 2811 seelestam
885 2759 1072 2830 tenesmo
1082 2759 1255 2828 ἀποκαθαίρει,
1263 2759 1387 2813 ern-cin

329 2836 539 2892 stimulatrleem.
551 2861 561 2881 ι
573 2835 694 2888 Lucilius
706 2834 780 2907 apud
791 2837 845 2889 No·
886 2837 953 2890 lecte
963 2837 1196 2893 usribusinlusunt
1206 2879 1214 2904 ‚
1224 2841 1323 2911 regium
1331 2855 1388 2890 tuor·

330 2917 593 2987 nium-Insperato
606 2914 778 2987 abiit‚quem
791 2933 843 2968 uns
886 2917 951 2970 bum
972 2917 1064 2988 pellit,
1088 2930 1161 2971 ete·
1181 2919 1250 2985 Quis
1268 2917 1387 2988 sitregin

329 2999 425 3069 angina
437 2995 547 3049 abstulit
561 2995 636 3046 bore.
651 3019 663 3040 ι
683 2995 784 3048 Duae.
888 2999 998 3050 morbus
1011 2994 1131 3051 dicemus
1141 3015 1202 3070 cap.
1219 2999 1267 3058 st.
1281 2995 1362 3048 lisso.

374 3094 418 3146 17.
431 3077 587 3128 Etartert'us.
599 3073 658 3126 Hoc
674 3087 728 3139 est,
743 3074 842 3137 fauces,
929 3077 955 3131 5.
967 3077 1115 3146 lentigines.
1133 3076 1179 3130 Sic
1188 3079 1268 3132 etism
1282 3073 1386 3131 Himell-

331 3157 425 3228 engius
434 3154 534 3207 seilicet
545 3165 573 3206 et
583 3151 760 3206 suffocatione
770 3153 846 3226 spiri·
887 3155 1018 3226 Empiric.
1032 3173 1089 3226 cap.
1106 3175 1163 3210 xtx.
1180 3157 1273 3212 Hssn.

331 3249 374 3289 tus
395 3235 554 3288 laborantes.
575 3233 607 3284 In
632 3231 753 3286 faucibus
773 3233 843 3286 enim
927 3236 963 3289 V.
980 3255 1004 3290 t.
1017 3235 1246 3291 Phrenitt'et's.Vet.
1257 3234 1323 3310 apud
1337 3231 1384 3285 Del.

331 3333 423 3388 aspera
430 3313 524 3366 arteria
534 3324 587 3376 est,
597 3329 656 3383 qnss
665 3314 774 3384 spiritus
783 3329 845 3365 eon·
887 3315 1033 3386 nephrites.
1046 3315 1100 3368 Eu.

331 3395 496 3468 ceptsculum
507 3433 514 3454 ‚
525 3409 581 3463 quo
593 3409 645 3443 vox
659 3391 758 3445 editur.
776 3393 810 3445 ll.
929 3413 956 3447 s.
968 3395 1006 3447 Et
1018 3395 1181 3466 dysentericis.
1197 3419 1209 3439 ι
1217 3397 1290 3450 luter
1301 3389 1386 3447 intesti-

371 3475 421 3528 tv,
445 3493 471 3527 t.
496 3473 548 3542 Qui
565 3474 695 3540 angiam·
718 3471 846 3525 cucumis
887 3491 985 3527 norum
997 3473 1179 3546 utaltt‚iuquit
1189 3475 1289 3539 Celsus,
1297 3475 1338 3527 lib.
1346 3471 1386 3530 ll'·

331 3553 463 3608 flexuosus
476 3551 604 3615 labello,
618 3569 632 3602 a
646 3569 703 3621 quo
723 3551 845 3623 pingitur
887 3569 912 3606 o.
931 3553 982 3617 15,
996 3555 1110 3606 tormina
1126 3571 1182 3606 esse
1193 3563 1385 3611 consueverunt,

331 3635 360 3687 in
377 3633 515 3687 Obsertst.
530 3647 591 3702 pag.
608 3629 686 3693 363.
707 3631 744 3682 ita
759 3629 846 3684 dictus
887 3628 1033 3704 ὼσιντιρία
1046 3651 1133 3704 grates
1146 3647 1266 3688 vocatur.
1276 3635 1342 3686 [ntus
1355 3630 1385 3680 ln·

330 3713 445 3785 eligunt
460 3711 578 3774 fructas,
595 3709 701 3780 qualem
715 3709 744 3762 iu
757 3711 844 3763 Horto
888 3711 984 3766 testina
996 3711 1262 3768 exhuloersntur:ex
1274 3713 1312 3766 bis
1321 3727 1385 3764 cruor

330 3793 416 3865 Regio
428 3789 553 3844 vidimus.
568 3789 661 3843 llsnn.
888 3791 1083 3863 monstrisque
1099 3791 1182 3846 modo
1205 3811 1267 3847 cum
1288 3805 1385 3846 stercore

373 3891 400 3925 s.
411 3871 537 3924 Briossus
547 3868 611 3939 legit
628 3887 662 3922 so
676 3887 728 3940 pro
740 3867 844 3922 anun.
889 3871 995 3942 aliquo,
1006 3871 1243 3944 semperliquido,
1255 3869 1383 3926 nodotum

372 3951 400 4005 3.
414 3949 465 4003 Sed
473 3947 589 4020 gravidis.
602 3947 723 4001 Dioscor.
735 3945 782 4001 lib.
795 3949 844 4014 tv,
889 3949 1049 4021 quibusdam
1066 3953 1140 4022 qussi
1158 3953 1274 4006 mucosis
1288 3945 1383 4005 aestui

331 4048 390 4103 esp.
407 4029 460 4093 154
472 4046 479 4083 :
490 4031 560 4081 Ilissi
570 4022 600 4080 ll
621 4029 649 4080 sl
661 4027 787 4099 ’θατήρων
803 4029 845 4083 ttt'tl
889 4042 933 4082 tur
944 4049 951 4082 :
962 4029 1097 4084 interdum
1118 4032 1199 4086 simul
1211 4031 1326 4104 quasdam
1339 4043 1383 4080 tit·

332 4113 445 4182 tppnsa,
455 4110 498 4162 καὶ
505 4105 601 4178 ἰμὸρυα
611 4109 699 4160 κτείνει
708 4110 733 4162 ts
746 4110 847 4178 repsall-
889 4108 1274 4183 nosadescentlttnt.Frequsus
1280 4108 1381 4181 dejicito·
