2925 5009
568 440 637 539 DE
668 444 806 537 OPJO.
1062 510 1065 516 .
1152 446 1225 546 649

146 562 181 619 ad
198 572 339 633 anppreaaa
360 558 413 613 hec
432 558 537 614 ratione
557 579 748 635 puerperarum
773 576 947 637 purgamenta
971 566 1151 632 reatituenda,
1165 571 1224 625 aliie

145 649 272 705 mmediie
285 650 383 702 lruatra
401 649 525 713 tentatie,
545 650 674 723 proponit
694 650 839 705 laudunum
858 672 909 705 uun
933 653 1024 707 aaltem
1041 656 1099 710 rice
1119 670 1222 709 tentan-

145 738 221 793 dum.
233 738 314 803 «llic,
328 736 414 810 iuquit
424 772 433 801 ,
444 736 593 792 laudarum
607 740 804 812 quantumlibet
817 758 863 795 aua
881 740 974 795 indole
983 744 1122 817 retringrm
1136 764 1221 818 quum

145 839 236 882 tamen
247 827 389 898 spirituum
408 826 655 897 perturbationem,
668 845 683 880 a
698 846 750 900 qur
769 828 895 882 solemnia
914 830 1063 885 lochiorum
1082 828 1240 887 evucuutio'

145 915 235 969 luerat
257 914 425 985 interrupta,
445 925 610 985 competent,
636 914 801 988 quaudoque
821 917 969 989 plurimum
982 922 1090 993 juvare,
1117 933 1158 989 et,
1172 938 1226 975 em·

145 1003 298 1077 menagogia
318 1001 387 1056 nibil
400 1001 609 1073 proficientibua‚
624 1002 775 1057 lccbiorum
796 1004 897 1059 fluxum
915 1025 1041 1061 revocare
1062 1021 1160 1081 potent.
1181 1010 1227 1064 Se-

143 1092 209 1147 dulo
224 1092 331 1145 interim
351 1090 618 1145 animadvertendum
638 1105 678 1146 eat
695 1094 794 1165 (pergit
812 1094 883 1148 idem
905 1100 1015 1165 ructor)
1038 1098 1112 1168 quod
1128 1098 1151 1153 ei
1173 1102 1226 1155 telo

142 1181 197 1235 boc
208 1180 293 1235 reurel
306 1179 389 1233 rniaao
402 1197 511 1253 accpum
531 1197 585 1234 non
600 1180 773 1255 attingamus,
789 1201 839 1237 nec
853 1196 1003 1255 requantur
1014 1185 1119 1251 locbia,
1131 1188 1223 1260 opium

141 1268 223 1323 nullo
241 1266 323 1321 modo
340 1279 378 1320 eat
395 1267 603 1338 repetendum..

185 1360 230 1411 η’
244 1357 343 1427 opium
357 1356 387 1409 in
407 1355 622 1430 quibuacumque
635 1358 752 1421 mor-bia,
765 1369 822 1410 tum
835 1356 985 1425 chronicia,
998 1374 1055 1415 tum
1072 1362 1158 1417 acutia
1171 1382 1224 1417 non

145 1443 236 1498 aulum
249 1456 279 1496 nt
292 1442 491 1515 aoporilerum,
504 1444 550 1497 red
572 1456 602 1497 ut
615 1444 719 1519 irrigue
733 1447 849 1500 alteram
870 1445 1096 1503 medicamentum
1109 1471 1123 1504 a
1141 1452 1226 1523 pluri·
1251 1489 1266 1511 .

146 1532 198 1585 mia
218 1530 330 1585 medicis
349 1530 534 1603 predicatur,
555 1543 582 1585 et
605 1532 659 1585 boc
676 1534 786 1586 nomine
806 1534 896 1588 multia
914 1532 1040 1601 laudibua
1061 1538 1224 1594 cumuletur.

146 1618 250 1673 Verum
271 1637 352 1691 quam
367 1618 448 1672 iulide
467 1618 502 1671 ait
524 1630 549 1671 ct
570 1618 686 1673 illuaorin
709 1620 766 1673 bec
783 1621 876 1692 prexia
898 1621 972 1676 brevi
996 1626 1169 1697 experientur
1185 1628 1225 1680 illi
1322 1646 1326 1661 ·

144 1710 193 1781 qui
210 1720 312 1761 nature
327 1720 417 1761 motor
431 1708 460 1759 in
473 1707 575 1761 morbis
591 1727 641 1781 per
657 1708 770 1782 aliquod
789 1720 893 1782 lempna
909 1722 1009 1764 attente
1026 1714 1224 1787 perpenderint.

145 1795 250 1869 Opium
270 1796 341 1849 enim
363 1814 418 1849 nou
437 1794 520 1848 modo
544 1795 689 1869 fugitivum
709 1796 830 1850 levamen
853 1797 947 1863 allert,
971 1810 1150 1871 symptomata
1167 1814 1225 1856 tan-

142 1896 201 1937 tum
214 1882 333 1937 rcdan'do
346 1881 421 1937 bievi
434 1902 602 1954 regrerrnm,
617 1886 715 1939 intacta
731 1884 816 1937 morbi
829 1902 923 1949 caum,
941 1883 988 1938 aed
1008 1888 1087 1939 etium
1103 1887 1177 1960 tigna
1190 1907 1223 1943 ex

143 1971 244 2043 quibui
261 1969 380 2024 medicus
398 1982 424 2023 et
438 1969 562 2024 morbum
574 1968 748 2042 dignoacere,
763 1982 789 2023 et
801 1968 975 2025 indicationes
988 1990 1049 2025 aura
1063 1973 1222 2046 depromere

142 2059 241 2125 debet,
252 2060 335 2131 apinae
348 2060 464 2131 caligine
483 2058 641 2123 obnubilat,
656 2059 708 2112 alin
724 2070 751 2112 et
767 2059 853 2112 morbi
877 2077 985 2132 proraur
998 2062 1084 2114 aliena
1102 2075 1221 2135 aympto·

142 2148 355 2215 matuanrcitat,
378 2160 480 2201 naturar
503 2146 646 2200 conamina
664 2146 698 2199 ad
717 2146 806 2199 cririm
830 2146 1018 2217 perficiendam
1042 2148 1161 2205 infirmat
1180 2154 1221 2207 rel

142 2236 234 2309 potina
255 2236 411 2309 exrtinguit,
432 2248 457 2288 et
476 2234 605 2289 diumrno
616 2253 668 2288 usu
686 2234 795 2287 morboa
807 2234 928 2307 periculo
945 2254 1044 2290 racuoa
1058 2238 1085 2291 in
1100 2239 1223 2310 graviasi·

142 2342 202 2379 moa
215 2336 242 2377 et
254 2343 325 2396 repe
342 2324 461 2377 exitiales
480 2322 623 2377 convertit.
636 2322 680 2377 Sic
697 2324 828 2396 aoporiler
842 2322 888 2376 ille
908 2341 1004 2379 auccua
1025 2324 1161 2380 lallucibua
1175 2328 1218 2381 in·

143 2412 231 2467 duciis
253 2413 390 2485 aegrotanti
412 2424 438 2465 et
460 2410 568 2465 medico
589 2412 732 2483 imponere
757 2411 842 2478 eolct;
861 2410 1080 2485 quandoquidem
1108 2416 1220 2469 morbua

142 2512 183 2553 eat
201 2518 271 2573 rupe
292 2510 524 2553 nature-conatur
543 2497 577 2552 ad
601 2510 755 2572 peccantem
777 2518 883 2552 caueam
907 2499 1111 2571 inperandamp
1123 2515 1149 2555 et
1163 2504 1220 2576 ipae

142 2590 222 2645 dolor
235 2603 275 2647 eat
293 2609 498 2665 nonnumquam
515 2590 586 2644 illiue
599 2590 747 2644 conaminis
765 2591 891 2653 roncatio,
906 2588 953 2643 red
972 2590 1069 2661 aaepiua
1084 2593 1165 2663 purtia
1179 2595 1219 2647 al·

142 2681 220 2735 lectu
246 2681 391 2734 stimulatio
407 2681 454 2733 ab
473 2678 590 2733 humore
610 2689 757 2750 peccante,
779 2696 830 2750 que
854 2689 947 2731 natura
967 2677 1002 2731 ad
1018 2678 1090 2733 banc
1109 2700 1217 2735 caueam

142 2767 325 2843 erpellendam
343 2768 515 2823 vehementer
535 2766 695 2820 concitetur.
715 2766 783 2819 Sane
804 2766 849 2817 ille
867 2784 962 2819 euccur
982 2765 1094 2820 remedii
1116 2786 1216 2825 nomen

141 2868 346 2921 non-meretur,
364 2856 412 2930 qui
432 2855 486 2909 boc
499 2866 622 2909 naturam
639 2854 725 2907 -orbat
744 2854 926 2908 incitamento.
949 2852 992 2909 Sic
1004 2872 1047 2909 ex.
1066 2874 1106 2927 gr.
1125 2856 1153 2909 in
1172 2876 1217 2912 ne·

140 2945 263 3017 pbriticia
284 2944 424 2998 doloribua
441 2962 459 2997 u
475 2943 579 2997 calculo
603 2952 721 2995 ureterea
740 2942 894 2995 obstruente
906 2940 1027 2995 oriundis
1040 2960 1095 2995 non
1110 2944 1217 2999 inutilea
1256 2988 1259 2995 .

129 3033 269 3101 loeumndi
290 3045 353 3086 aunt
364 3032 471 3087 dolorea
487 3031 584 3105 quibua
597 3047 668 3103 eger
682 3030 834 3085 divertatur.
847 3032 931 3085 Renea
948 3030 1035 3095 enim,
1053 3044 1171 3087 ureterea
1191 3046 1219 3087 et

141 3122 257 3177 mnacnli
278 3120 431 3175 abdominis
459 3120 502 3173 bia
527 3118 723 3172 irritationibus
746 3116 878 3171 sollicitati
906 3117 987 3172 modo
1009 3118 1214 3185 convelluntur,

142 3210 225 3265 modo
245 3210 371 3265 laxantur
397 3225 404 3263 ε
427 3208 466 3263 aic
489 3206 650 3280 quandoque
674 3207 794 3261 calculus
815 3205 984 3271 conteritur,
1007 3208 1215 3277 comminuitur,

140 3299 184 3353 rel
204 3299 377 3353 vehomenter
395 3296 579 3369 protruditur,
599 3314 631 3349 ac
645 3295 754 3351 tandem
773 3294 871 3349 iteratis
884 3294 937 3371 illia
963 3294 1170 3361 conaminibus,
1190 3312 1217 3351 et

141 3386 490 3451 medena-obstetricante,
509 3383 616 3439 tandem
630 3384 659 3437 in
677 3383 792 3438 vesicam
809 3376 957 3455 expellitur.
975 3381 1050 3436 ldem
1070 3382 1214 3439 dicendum

142 3474 178 3529 de
190 3475 332 3530 arthriticia
348 3474 503 3529 doloriboa:
519 3472 621 3526 humor
634 3472 704 3525 enim
719 3471 746 3524 in
763 3470 944 3543 peculiaribua
958 3470 1127 3524 articulorum
1145 3475 1215 3527 ratic

142 3576 281 3618 coneretur
300 3578 328 3617 et
343 3563 445 3616 herena
458 3562 492 3614 ab
506 3560 610 3619 irritata
620 3571 648 3612 et
661 3557 825 3612 inflammata
836 3568 912 3631 parte
928 3558 1053 3629 paulatim
1070 3559 1216 3615 conteritur

144 3663 171 3705 et
182 3651 325 3706 reaolritur
335 3671 345 3718 ;
357 3650 394 3705 ita
408 3664 438 3703 ut
450 3648 558 3704 tandem
576 3665 609 3701 ex
622 3646 769 3699 minoribur
786 3645 813 3698 in
827 3646 927 3718 majora
942 3663 1004 3719 vam
1014 3644 1218 3715 transvehatur,

143 3738 188 3795 tel
201 3756 219 3793 a
228 3738 317 3793 calore
329 3740 413 3811 partia
427 3757 474 3811 per
494 3736 615 3791 delorem
629 3752 743 3789 rocenac
755 3732 881 3787 blandam
895 3732 1214 3805 concipiatrellerreacerr·

144 3826 207 3881 tiam
216 3844 273 3899 qua
289 3827 396 3881 tenuior
409 3826 439 3894 lit
454 3837 484 3879 et
496 3843 546 3898 per
558 3824 626 3877 cutir
639 3840 721 3895 porca
730 3818 899 3895 perrpirundi
919 3836 1009 3889 capax.
1025 3819 1052 3873 Si
1065 3820 1093 3873 in
1107 3822 1148 3875 bia
1160 3825 1214 3895 opii

143 3932 221 3977 naua,
234 3914 353 3981 noxius,
368 3912 434 3987 quid
453 3914 483 3965 in
504 3910 580 3965 aliia?
601 3913 707 3965 Fruatra
729 3908 831 3975 felicem
850 3907 1027 3980 opiaticorum
1049 3908 1216 3965 medicorum

144 4000 248 4074 praxim
260 4002 337 4055 nobia
351 4011 502 4074 opponunt.
517 3996 690 4053 Attendamua
702 3994 894 4069 aliquantisper
905 3993 939 4047 ad
953 4012 1046 4049 eorum
1060 3996 1215 4051 methodum

145 4086 273 4144 medardi
292 4102 332 4145 tot
348 4090 455 4145 acribua
473 4085 688 4151 medicamentis,
709 4083 873 4159 apirituorir,
888 4082 1100 4148 stimulantilme,
1116 4084 1216 4139 mlibua

225 4174 291 4262 VI.
326 4182 333 4191 '
1009 4188 1061 4271 42
