<?xml version="1.0" encoding="UTF-8"?>
<!DOCTYPE html PUBLIC "-//W3C//DTD XHTML 1.0 Transitional//EN"
    "http://www.w3.org/TR/xhtml1/DTD/xhtml1-transitional.dtd">
<html xmlns="http://www.w3.org/1999/xhtml" xml:lang="en" lang="en">
 <head>
  <title>
</title>
<meta http-equiv="Content-Type" content="text/html;charset=utf-8" />
  <meta name='ocr-system' content='tesseract 3.04.00' />
  <meta name='ocr-capabilities' content='ocr_page ocr_carea ocr_par ocr_line ocrx_word'/>
</head>
<body>
  <div class='ocr_page' id='page_1' title='image "./caiipliniisecun02unkngoog_0173.png"; bbox 0 0 2925 5009; ppageno 0'>
   <div class='ocr_carea' id='block_1_1' title="bbox 334 441 1119 514">
    <p class='ocr_par' dir='ltr' id='par_1_1' title="bbox 334 441 1119 514">
     <span class='ocr_line' id='line_1_1' title="bbox 334 441 1119 514; baseline -0.004 -3"><span class='ocrx_word' id='word_1_1' title='bbox 334 443 398 514; x_wconf 81' lang='lat'><strong>160</strong></span> <span class='ocrx_word' id='word_1_2' title='bbox 601 446 638 510; x_wconf 73' lang='lat' dir='ltr'><strong>(J.</strong></span> <span class='ocrx_word' id='word_1_3' title='bbox 666 441 835 510; x_wconf 84' lang='lat' dir='ltr'>PLINII</span> <span class='ocrx_word' id='word_1_4' title='bbox 858 441 964 510; x_wconf 76' lang='lat' dir='ltr'><strong>NAT.</strong></span> <span class='ocrx_word' id='word_1_5' title='bbox 988 443 1119 510; x_wconf 85' lang='lat' dir='ltr'><strong>HIST.</strong></span> 
     </span>
    </p>
   </div>
   <div class='ocr_carea' id='block_1_2' title="bbox 296 573 1443 2158">
    <p class='ocr_par' dir='ltr' id='par_1_2' title="bbox 296 573 1443 2158">
     <span class='ocr_line' id='line_1_2' title="bbox 327 573 1389 669; baseline -0.003 -22"><span class='ocrx_word' id='word_1_6' title='bbox 327 577 506 669; x_wconf 83' lang='lat' dir='ltr'><strong>limentque</strong></span> <span class='ocrx_word' id='word_1_7' title='bbox 525 599 650 644; x_wconf 89' lang='lat' dir='ltr'><strong>cornua</strong></span> <span class='ocrx_word' id='word_1_8' title='bbox 667 573 851 669; x_wconf 80' lang='lat' dir='ltr'><strong>elephanti,</strong></span> <span class='ocrx_word' id='word_1_9' title='bbox 864 589 898 644; x_wconf 90' lang='lat' dir='ltr'><strong>et</strong></span> <span class='ocrx_word' id='word_1_10' title='bbox 914 576 986 644; x_wconf 88' lang='lat' dir='ltr'><strong>uri:</strong></span> <span class='ocrx_word' id='word_1_11' title='bbox 1002 598 1083 645; x_wconf 83' lang='lat' dir='ltr'><strong>saxo</strong></span> <span class='ocrx_word' id='word_1_12' title='bbox 1100 574 1342 661; x_wconf 78' lang='lat' dir='ltr'>rhinocerotes,</span> <span class='ocrx_word' id='word_1_13' title='bbox 1356 589 1389 644; x_wconf 93' lang='lat' dir='ltr'><strong>et</strong></span> 
     </span>
     <span class='ocr_line' id='line_1_3' title="bbox 328 666 1389 778; baseline 0 -26"><span class='ocrx_word' id='word_1_14' title='bbox 328 700 469 778; x_wconf 88' lang='lat' dir='ltr'><strong>utroque</strong></span> <span class='ocrx_word' id='word_1_15' title='bbox 491 682 562 776; x_wconf 90' lang='lat' dir='ltr'><strong>apri</strong></span> <span class='ocrx_word' id='word_1_16' title='bbox 582 681 731 750; x_wconf 90' lang='lat' dir='ltr'><strong>dentium</strong></span> <span class='ocrx_word' id='word_1_17' title='bbox 751 666 879 768; x_wconf 78' lang='lat' dir='ltr'><strong>sicas⁶,</strong></span> <span class='ocrx_word' id='word_1_18' title='bbox 900 683 1071 776; x_wconf 79' lang='lat' dir='ltr'><strong>sciantque</strong></span> <span class='ocrx_word' id='word_1_19' title='bbox 1088 679 1131 750; x_wconf 91' lang='lat' dir='ltr'><strong>ad</strong></span> <span class='ocrx_word' id='word_1_20' title='bbox 1149 681 1335 752; x_wconf 87' lang='lat' dir='ltr'><strong>nocendum</strong></span> <span class='ocrx_word' id='word_1_21' title='bbox 1356 707 1389 752; x_wconf 82' lang='lat' dir='ltr'><strong>se</strong></span> 
     </span>
     <span class='ocr_line' id='line_1_4' title="bbox 329 786 1389 886; baseline -0.002 -26"><span class='ocrx_word' id='word_1_22' title='bbox 329 811 515 886; x_wconf 69' lang='lat' dir='ltr'><strong>preparare</strong></span> <span class='ocrx_word' id='word_1_23' title='bbox 536 786 719 856; x_wconf 82' lang='lat' dir='ltr'><strong>animalia:</strong></span> <span class='ocrx_word' id='word_1_24' title='bbox 749 787 842 882; x_wconf 91' lang='lat' dir='ltr'><strong>qnod</strong></span> <span class='ocrx_word' id='word_1_25' title='bbox 862 802 975 856; x_wconf 89' lang='lat' dir='ltr'><strong>tamen</strong></span> <span class='ocrx_word' id='word_1_26' title='bbox 1000 811 1117 856; x_wconf 85' lang='lat' dir='ltr'><strong>eorum</strong></span> <span class='ocrx_word' id='word_1_27' title='bbox 1144 787 1211 856; x_wconf 86' lang='lat' dir='ltr'><strong>teia</strong></span> <span class='ocrx_word' id='word_1_28' title='bbox 1231 811 1309 870; x_wconf 87' lang='lat' dir='ltr'><strong>sna,</strong></span> <span class='ocrx_word' id='word_1_29' title='bbox 1334 813 1389 858; x_wconf 82' lang='lat' dir='ltr'><strong>ex·</strong></span> 
     </span>
     <span class='ocr_line' id='line_1_5' title="bbox 329 891 1389 990; baseline -0.001 -25"><span class='ocrx_word' id='word_1_30' title='bbox 329 910 427 990; x_wconf 92' lang='lat' dir='ltr'><strong>cepto</strong></span> <span class='ocrx_word' id='word_1_31' title='bbox 447 895 597 978; x_wconf 87' lang='lat' dir='ltr'><strong>homine,</strong></span> <span class='ocrx_word' id='word_1_32' title='bbox 621 895 758 962; x_wconf 84' lang='lat' dir='ltr'><strong>venenis</strong></span> <span class='ocrx_word' id='word_1_33' title='bbox 776 891 894 988; x_wconf 79' lang='lat' dir='ltr'><strong>tingit?</strong></span> <span class='ocrx_word' id='word_1_34' title='bbox 911 892 983 962; x_wconf 87' lang='lat' dir='ltr'><strong>Nos</strong></span> <span class='ocrx_word' id='word_1_35' title='bbox 998 907 1034 962; x_wconf 86' lang='lat' dir='ltr'><strong>et</strong></span> <span class='ocrx_word' id='word_1_36' title='bbox 1052 894 1200 989; x_wconf 85' lang='lat' dir='ltr'><strong>sagittas⁷</strong></span> <span class='ocrx_word' id='word_1_37' title='bbox 1219 895 1389 988; x_wconf 79' lang='lat' dir='ltr'><strong>tingimus,</strong></span> 
     </span>
     <span class='ocr_line' id='line_1_6' title="bbox 329 997 1390 1102; baseline -0.003 -32"><span class='ocrx_word' id='word_1_38' title='bbox 329 1025 369 1071; x_wconf 87' lang='lat' dir='ltr'><strong>nc</strong></span> <span class='ocrx_word' id='word_1_39' title='bbox 383 1003 471 1071; x_wconf 84' lang='lat' dir='ltr'><strong>ferro</strong></span> <span class='ocrx_word' id='word_1_40' title='bbox 489 1003 551 1096; x_wconf 88' lang='lat' dir='ltr'><strong>ipsi</strong></span> <span class='ocrx_word' id='word_1_41' title='bbox 569 1001 742 1070; x_wconf 85' lang='lat' dir='ltr'>nocentius</span> <span class='ocrx_word' id='word_1_42' title='bbox 757 997 881 1093; x_wconf 85' lang='lat' dir='ltr'><strong>aliquid</strong></span> <span class='ocrx_word' id='word_1_43' title='bbox 896 998 1024 1102; x_wconf 75' lang='lat' dir='ltr'><strong>damus.</strong></span> <span class='ocrx_word' id='word_1_44' title='bbox 1038 1001 1110 1070; x_wconf 87' lang='lat' dir='ltr'><strong>Nos</strong></span> <span class='ocrx_word' id='word_1_45' title='bbox 1127 1015 1161 1069; x_wconf 91' lang='lat' dir='ltr'><strong>et</strong></span> <span class='ocrx_word' id='word_1_46' title='bbox 1173 999 1309 1069; x_wconf 85' lang='lat' dir='ltr'><strong>flumina</strong></span> <span class='ocrx_word' id='word_1_47' title='bbox 1319 999 1390 1068; x_wconf 83' lang='lat' dir='ltr'><strong>infi-</strong></span> 
     </span>
     <span class='ocr_line' id='line_1_7' title="bbox 329 1103 1390 1202; baseline -0.005 -23"><span class='ocrx_word' id='word_1_48' title='bbox 329 1111 450 1194; x_wconf 85' lang='lat' dir='ltr'>cimus,</span> <span class='ocrx_word' id='word_1_49' title='bbox 463 1122 496 1176; x_wconf 90' lang='lat' dir='ltr'><strong>et</strong></span> <span class='ocrx_word' id='word_1_50' title='bbox 515 1131 628 1176; x_wconf 87' lang='lat' dir='ltr'><strong>rerum</strong></span> <span class='ocrx_word' id='word_1_51' title='bbox 645 1121 772 1176; x_wconf 75' lang='lat' dir='ltr'><strong>naturae</strong></span> <span class='ocrx_word' id='word_1_52' title='bbox 785 1103 958 1175; x_wconf 86' lang='lat' dir='ltr'><strong>elementa.</strong></span> <span class='ocrx_word' id='word_1_53' title='bbox 979 1109 1093 1200; x_wconf 90' lang='lat' dir='ltr'><strong>Ipsum</strong></span> <span class='ocrx_word' id='word_1_54' title='bbox 1111 1130 1245 1201; x_wconf 89' lang='lat' dir='ltr'><strong>quoque</strong></span> <span class='ocrx_word' id='word_1_55' title='bbox 1260 1131 1327 1202; x_wconf 91' lang='lat' dir='ltr'><strong>quo</strong></span> <span class='ocrx_word' id='word_1_56' title='bbox 1344 1108 1390 1174; x_wconf 77' lang='lat' dir='ltr'><strong>ri-</strong></span> 
     </span>
     <span class='ocr_line' id='line_1_8' title="bbox 296 1199 1390 1308; baseline -0.005 -20"><span class='ocrx_word' id='word_1_57' title='bbox 296 1235 311 1288; x_wconf 82' lang='lat'>3</span> <span class='ocrx_word' id='word_1_58' title='bbox 330 1199 570 1299; x_wconf 81' lang='lat' dir='ltr'><strong>vitur,aerem⁸</strong></span> <span class='ocrx_word' id='word_1_59' title='bbox 587 1215 620 1282; x_wconf 92' lang='lat' dir='ltr'><strong>in</strong></span> <span class='ocrx_word' id='word_1_60' title='bbox 634 1215 813 1308; x_wconf 90' lang='lat' dir='ltr'><strong>perniciem</strong></span> <span class='ocrx_word' id='word_1_61' title='bbox 822 1212 992 1280; x_wconf 84' lang='lat' dir='ltr'><strong>vertimus.</strong></span> <span class='ocrx_word' id='word_1_62' title='bbox 1008 1213 1125 1308; x_wconf 88' lang='lat' dir='ltr'><strong>Neque</strong></span> <span class='ocrx_word' id='word_1_63' title='bbox 1133 1228 1183 1282; x_wconf 88' lang='lat' dir='ltr'><strong>est</strong></span> <span class='ocrx_word' id='word_1_64' title='bbox 1194 1226 1233 1281; x_wconf 94' lang='lat' dir='ltr'><strong>ut</strong></span> <span class='ocrx_word' id='word_1_65' title='bbox 1242 1227 1390 1307; x_wconf 86' lang='lat' dir='ltr'><strong>putemus</strong></span> 
     </span>
     <span class='ocr_line' id='line_1_9' title="bbox 330 1316 1390 1416; baseline 0 -28"><span class='ocrx_word' id='word_1_66' title='bbox 330 1321 475 1416; x_wconf 84' lang='lat' dir='ltr'><strong>ignorari</strong></span> <span class='ocrx_word' id='word_1_67' title='bbox 490 1343 528 1388; x_wconf 88' lang='lat' dir='ltr'><strong>ea</strong></span> <span class='ocrx_word' id='word_1_68' title='bbox 542 1319 584 1388; x_wconf 85' lang='lat' dir='ltr'><strong>ab</strong></span> <span class='ocrx_word' id='word_1_69' title='bbox 599 1317 814 1402; x_wconf 82' lang='lat' dir='ltr'>animalibus,</span> <span class='ocrx_word' id='word_1_70' title='bbox 829 1343 903 1412; x_wconf 76' lang='lat' dir='ltr'><strong>quae</strong></span> <span class='ocrx_word' id='word_1_71' title='bbox 916 1316 1069 1412; x_wconf 79' lang='lat' dir='ltr'><strong>quidem⁹</strong></span> <span class='ocrx_word' id='word_1_72' title='bbox 1079 1343 1153 1414; x_wconf 86' lang='lat' dir='ltr'><strong>quae</strong></span> <span class='ocrx_word' id='word_1_73' title='bbox 1169 1333 1390 1414; x_wconf 79' lang='lat' dir='ltr'><strong>praepararent</strong></span> 
     </span>
     <span class='ocr_line' id='line_1_10' title="bbox 331 1423 1390 1520; baseline -0.003 -23"><span class='ocrx_word' id='word_1_74' title='bbox 331 1441 448 1497; x_wconf 88' lang='lat' dir='ltr'><strong>contra</strong></span> <span class='ocrx_word' id='word_1_75' title='bbox 471 1427 673 1519; x_wconf 82' lang='lat' dir='ltr'><strong>serpentium</strong></span> <span class='ocrx_word' id='word_1_76' title='bbox 688 1423 711 1448; x_wconf 89' lang='lat'><strong>¹⁰</strong></span> <span class='ocrx_word' id='word_1_77' title='bbox 731 1425 978 1510; x_wconf 82' lang='lat' dir='ltr'><strong>dimicationes,</strong></span> <span class='ocrx_word' id='word_1_78' title='bbox 994 1449 1068 1519; x_wconf 78' lang='lat' dir='ltr'><strong>qua</strong></span> <span class='ocrx_word' id='word_1_79' title='bbox 1087 1439 1165 1520; x_wconf 84' lang='lat' dir='ltr'><strong>post</strong></span> <span class='ocrx_word' id='word_1_80' title='bbox 1184 1423 1334 1520; x_wconf 84' lang='lat' dir='ltr'><strong>praelium</strong></span> <span class='ocrx_word' id='word_1_81' title='bbox 1351 1423 1390 1495; x_wconf 88' lang='lat' dir='ltr'><strong>ad</strong></span> 
     </span>
     <span class='ocr_line' id='line_1_11' title="bbox 331 1529 1392 1626; baseline -0.003 -22"><span class='ocrx_word' id='word_1_82' title='bbox 331 1531 531 1604; x_wconf 87' lang='lat' dir='ltr'><strong>medendum</strong></span> <span class='ocrx_word' id='word_1_83' title='bbox 545 1534 786 1626; x_wconf 80' lang='lat' dir='ltr'><strong>excogitarent,</strong></span> <span class='ocrx_word' id='word_1_84' title='bbox 799 1529 1030 1600; x_wconf 78' lang='lat' dir='ltr'><strong>indicavimus.</strong></span> <span class='ocrx_word' id='word_1_85' title='bbox 1044 1532 1117 1601; x_wconf 85' lang='lat' dir='ltr'><strong>Nec</strong></span> <span class='ocrx_word' id='word_1_86' title='bbox 1133 1530 1177 1599; x_wconf 90' lang='lat' dir='ltr'><strong>ab</strong></span> <span class='ocrx_word' id='word_1_87' title='bbox 1195 1529 1264 1600; x_wconf 85' lang='lat' dir='ltr'><strong>ulio</strong></span> <span class='ocrx_word' id='word_1_88' title='bbox 1277 1546 1392 1625; x_wconf 58' lang='lat' dir='ltr'><strong>prater</strong></span> 
     </span>
     <span class='ocr_line' id='line_1_12' title="bbox 326 1635 1388 1733; baseline -0.003 -24"><span class='ocrx_word' id='word_1_89' title='bbox 326 1640 517 1723; x_wconf 89' lang='lat' dir='ltr'><strong>hominem,</strong></span> <span class='ocrx_word' id='word_1_90' title='bbox 536 1661 666 1707; x_wconf 87' lang='lat' dir='ltr'><strong>veneno</strong></span> <span class='ocrx_word' id='word_1_91' title='bbox 686 1652 856 1732; x_wconf 82' lang='lat' dir='ltr'><strong>pugnatur</strong></span> <span class='ocrx_word' id='word_1_92' title='bbox 876 1635 995 1706; x_wconf 87' lang='lat' dir='ltr'><strong>alieno.</strong></span> <span class='ocrx_word' id='word_1_93' title='bbox 1016 1641 1194 1708; x_wconf 83' lang='lat' dir='ltr'><strong>Fateamur</strong></span> <span class='ocrx_word' id='word_1_94' title='bbox 1216 1661 1299 1733; x_wconf 82' lang='lat' dir='ltr'><strong>ergo</strong></span> <span class='ocrx_word' id='word_1_95' title='bbox 1318 1635 1388 1708; x_wconf 89' lang='lat' dir='ltr'><strong>cnl-</strong></span> 
     </span>
     <span class='ocr_line' id='line_1_13' title="bbox 325 1742 1392 1840; baseline -0.002 -26"><span class='ocrx_word' id='word_1_96' title='bbox 325 1769 474 1840; x_wconf 87' lang='lat' dir='ltr'><strong>pam,ne</strong></span> <span class='ocrx_word' id='word_1_97' title='bbox 485 1745 523 1812; x_wconf 92' lang='lat' dir='ltr'><strong>iis</strong></span> <span class='ocrx_word' id='word_1_98' title='bbox 533 1742 760 1837; x_wconf 79' lang='lat' dir='ltr'><strong>quidem,quae</strong></span> <span class='ocrx_word' id='word_1_99' title='bbox 770 1745 1254 1838; x_wconf 76' lang='lat' dir='ltr'><strong>nascuntureonteqti:etenim</strong></span> <span class='ocrx_word' id='word_1_100' title='bbox 1263 1743 1392 1838; x_wconf 90' lang='lat' dir='ltr'><strong>quando</strong></span> 
     </span>
     <span class='ocr_line' id='line_1_14' title="bbox 325 1848 1391 1948; baseline -0.001 -28"><span class='ocrx_word' id='word_1_101' title='bbox 325 1848 451 1948; x_wconf 82' lang='lat' dir='ltr'><strong>plura¹¹</strong></span> <span class='ocrx_word' id='word_1_102' title='bbox 470 1875 586 1920; x_wconf 91' lang='lat' dir='ltr'><strong>eorum</strong></span> <span class='ocrx_word' id='word_1_103' title='bbox 601 1873 724 1943; x_wconf 84' lang='lat' dir='ltr'><strong>genera</strong></span> <span class='ocrx_word' id='word_1_104' title='bbox 742 1848 891 1918; x_wconf 89' lang='lat' dir='ltr'><strong>humana</strong></span> <span class='ocrx_word' id='word_1_105' title='bbox 909 1873 1012 1918; x_wconf 90' lang='lat' dir='ltr'><strong>mann</strong></span> <span class='ocrx_word' id='word_1_106' title='bbox 1031 1848 1126 1919; x_wconf 88' lang='lat' dir='ltr'><strong>fiunt.</strong></span> <span class='ocrx_word' id='word_1_107' title='bbox 1147 1848 1267 1940; x_wconf 83' lang='lat' dir='ltr'><strong>Quid?</strong></span> <span class='ocrx_word' id='word_1_108' title='bbox 1280 1875 1348 1920; x_wconf 91' lang='lat' dir='ltr'><strong>non</strong></span> <span class='ocrx_word' id='word_1_109' title='bbox 1360 1865 1391 1919; x_wconf 84' lang='lat' dir='ltr'><strong>ct</strong></span> 
     </span>
     <span class='ocr_line' id='line_1_15' title="bbox 325 1953 1443 2053; baseline -0.001 -25"><span class='ocrx_word' id='word_1_110' title='bbox 325 1953 508 2028; x_wconf 83' lang='lat' dir='ltr'><strong>homines¹²</strong></span> <span class='ocrx_word' id='word_1_111' title='bbox 524 1954 656 2051; x_wconf 90' lang='lat' dir='ltr'><strong>quidem</strong></span> <span class='ocrx_word' id='word_1_112' title='bbox 676 1970 713 2024; x_wconf 93' lang='lat' dir='ltr'><strong>ut</strong></span> <span class='ocrx_word' id='word_1_113' title='bbox 726 1979 856 2024; x_wconf 81' lang='lat' dir='ltr'><strong>venena</strong></span> <span class='ocrx_word' id='word_1_114' title='bbox 870 1955 1074 2025; x_wconf 78' lang='lat' dir='ltr'><strong>nascuntur?</strong></span> <span class='ocrx_word' id='word_1_115' title='bbox 1085 1959 1168 2025; x_wconf 81' lang='lat' dir='ltr'><strong>Atra</strong></span> <span class='ocrx_word' id='word_1_116' title='bbox 1179 1981 1242 2026; x_wconf 87' lang='lat' dir='ltr'><strong>cen</strong></span> <span class='ocrx_word' id='word_1_117' title='bbox 1258 1982 1391 2053; x_wconf 87' lang='lat' dir='ltr'><strong>serpen·</strong></span> <span class='ocrx_word' id='word_1_118' title='bbox 1442 1994 1443 1997; x_wconf 36' lang='lat'>¹</span> 
     </span>
     <span class='ocr_line' id='line_1_16' title="bbox 325 2047 1391 2158; baseline 0 -24"><span class='ocrx_word' id='word_1_119' title='bbox 325 2067 408 2134; x_wconf 91' lang='lat' dir='ltr'><strong>tium</strong></span> <span class='ocrx_word' id='word_1_120' title='bbox 428 2063 541 2158; x_wconf 85' lang='lat' dir='ltr'><strong>lingua</strong></span> <span class='ocrx_word' id='word_1_121' title='bbox 560 2061 685 2148; x_wconf 81' lang='lat' dir='ltr'><strong>vibrat,</strong></span> <span class='ocrx_word' id='word_1_122' title='bbox 706 2061 866 2156; x_wconf 84' lang='lat' dir='ltr'><strong>tabesque</strong></span> <span class='ocrx_word' id='word_1_123' title='bbox 882 2062 985 2131; x_wconf 89' lang='lat' dir='ltr'><strong>animi</strong></span> <span class='ocrx_word' id='word_1_124' title='bbox 995 2047 1020 2088; x_wconf 84' lang='lat'><strong>¹³</strong></span> <span class='ocrx_word' id='word_1_125' title='bbox 1045 2077 1250 2134; x_wconf 87' lang='lat' dir='ltr'><strong>contrectata</strong></span> <span class='ocrx_word' id='word_1_126' title='bbox 1265 2065 1391 2150; x_wconf 88' lang='lat' dir='ltr'><strong>adurit,</strong></span> 
     </span>
    </p>
   </div>
   <div class='ocr_carea' id='block_1_3' title="bbox 325 2248 1392 4152">
    <p class='ocr_par' dir='ltr' id='par_1_3' title="bbox 325 2248 1391 2637">
     <span class='ocr_line' id='line_1_17' title="bbox 366 2248 1391 2320; baseline -0.002 -16"><span class='ocrx_word' id='word_1_127' title='bbox 366 2257 393 2304; x_wconf 86' lang='lat'><strong>6.</strong></span> <span class='ocrx_word' id='word_1_128' title='bbox 420 2251 485 2318; x_wconf 81' lang='lat' dir='ltr'><strong>Apri</strong></span> <span class='ocrx_word' id='word_1_129' title='bbox 511 2248 619 2300; x_wconf 82' lang='lat' dir='ltr'><strong>dentium</strong></span> <span class='ocrx_word' id='word_1_130' title='bbox 645 2251 731 2314; x_wconf 55' lang='lat' dir='ltr'><strong>sicas„</strong></span> <span class='ocrx_word' id='word_1_131' title='bbox 744 2250 842 2302; x_wconf 73' lang='lat' dir='ltr'><strong>Dentes</strong></span> <span class='ocrx_word' id='word_1_132' title='bbox 931 2268 976 2304; x_wconf 80' lang='lat' dir='ltr'><strong>aa.</strong></span> <span class='ocrx_word' id='word_1_133' title='bbox 992 2249 1064 2320; x_wconf 81' lang='lat' dir='ltr'><strong>Quid</strong></span> <span class='ocrx_word' id='word_1_134' title='bbox 1069 2256 1086 2301; x_wconf 61' lang='lat' dir='ltr'><strong>a</strong></span> <span class='ocrx_word' id='word_1_135' title='bbox 1100 2269 1149 2302; x_wconf 82' lang='lat' dir='ltr'><strong>non</strong></span> <span class='ocrx_word' id='word_1_136' title='bbox 1171 2263 1195 2301; x_wconf 86' lang='lat' dir='ltr'><strong>et</strong></span> <span class='ocrx_word' id='word_1_137' title='bbox 1216 2251 1332 2304; x_wconf 71' lang='lat' dir='ltr'><strong>henim</strong></span> <span class='ocrx_word' id='word_1_138' title='bbox 1352 2251 1391 2304; x_wconf 83' lang='lat' dir='ltr'><strong>Sic</strong></span> 
     </span>
     <span class='ocr_line' id='line_1_18' title="bbox 325 2326 1391 2399; baseline 0 -16"><span class='ocrx_word' id='word_1_139' title='bbox 325 2330 501 2394; x_wconf 80' lang='lat' dir='ltr'><strong>acutissimos,</strong></span> <span class='ocrx_word' id='word_1_140' title='bbox 521 2326 615 2399; x_wconf 73' lang='lat' dir='ltr'><strong>gladiis</strong></span> <span class='ocrx_word' id='word_1_141' title='bbox 627 2328 740 2392; x_wconf 79' lang='lat' dir='ltr'><strong>similet,</strong></span> <span class='ocrx_word' id='word_1_142' title='bbox 755 2346 841 2380; x_wconf 82' lang='lat' dir='ltr'><strong>exaer-</strong></span> <span class='ocrx_word' id='word_1_143' title='bbox 885 2327 1006 2383; x_wconf 83' lang='lat' dir='ltr'><strong>Gronov.</strong></span> <span class='ocrx_word' id='word_1_144' title='bbox 1020 2342 1047 2383; x_wconf 87' lang='lat' dir='ltr'><strong>et</strong></span> <span class='ocrx_word' id='word_1_145' title='bbox 1069 2330 1103 2382; x_wconf 85' lang='lat' dir='ltr'><strong>al.</strong></span> <span class='ocrx_word' id='word_1_146' title='bbox 1124 2343 1187 2383; x_wconf 82' lang='lat' dir='ltr'><strong>vett.</strong></span> <span class='ocrx_word' id='word_1_147' title='bbox 1213 2331 1350 2384; x_wconf 81' lang='lat' dir='ltr'><strong>Broterina</strong></span> <span class='ocrx_word' id='word_1_148' title='bbox 1363 2349 1391 2383; x_wconf 79' lang='lat' dir='ltr'><strong>ex</strong></span> 
     </span>
     <span class='ocr_line' id='line_1_19' title="bbox 327 2402 1391 2480; baseline 0.001 -18"><span class='ocrx_word' id='word_1_149' title='bbox 327 2402 838 2474; x_wconf 80' lang='lat' dir='ltr'><strong>toa.Scneca,de1ra,lib.1,c.r:</strong></span> <span class='ocrx_word' id='word_1_150' title='bbox 884 2407 1391 2480; x_wconf 69' lang='lat' dir='ltr'><strong>cod.Reg.r‚Qm&#39;aettom&#39;m‚·et</strong></span> 
     </span>
     <span class='ocr_line' id='line_1_20' title="bbox 331 2485 1390 2562; baseline 0.005 -24"><span class='ocrx_word' id='word_1_151' title='bbox 331 2517 341 2538; x_wconf 70' lang='grc' dir='ltr'>ι</span> <span class='ocrx_word' id='word_1_152' title='bbox 358 2491 488 2562; x_wconf 84' lang='lat' dir='ltr'><strong>Spumant</strong></span> <span class='ocrx_word' id='word_1_153' title='bbox 513 2486 584 2558; x_wconf 73' lang='lat' dir='ltr'><strong>apris</strong></span> <span class='ocrx_word' id='word_1_154' title='bbox 606 2505 670 2550; x_wconf 81' lang='lat' dir='ltr'><strong>ora,</strong></span> <span class='ocrx_word' id='word_1_155' title='bbox 695 2499 722 2540; x_wconf 83' lang='lat' dir='ltr'><strong>et</strong></span> <span class='ocrx_word' id='word_1_156' title='bbox 744 2485 840 2541; x_wconf 73' lang='lat' dir='ltr'><strong>dente·</strong></span> <span class='ocrx_word' id='word_1_157' title='bbox 884 2505 948 2540; x_wconf 83' lang='lat' dir='ltr'><strong>moa</strong></span> <span class='ocrx_word' id='word_1_158' title='bbox 960 2489 1022 2544; x_wconf 82' lang='lat' dir='ltr'><strong>Vet.</strong></span> <span class='ocrx_word' id='word_1_159' title='bbox 1033 2487 1107 2560; x_wconf 81' lang='lat' dir='ltr'><strong>apud</strong></span> <span class='ocrx_word' id='word_1_160' title='bbox 1122 2490 1212 2544; x_wconf 82' lang='lat' dir='ltr'><strong>Dalec</strong></span> <span class='ocrx_word' id='word_1_161' title='bbox 1225 2509 1285 2544; x_wconf 88' lang='lat' dir='ltr'><strong>non</strong></span> <span class='ocrx_word' id='word_1_162' title='bbox 1298 2490 1336 2544; x_wconf 78' lang='lat' dir='ltr'><strong>ita</strong></span> <span class='ocrx_word' id='word_1_163' title='bbox 1346 2491 1390 2543; x_wconf 82' lang='lat' dir='ltr'><strong>im·</strong></span> 
     </span>
     <span class='ocr_line' id='line_1_21' title="bbox 327 2567 1390 2637; baseline 0 -15"><span class='ocrx_word' id='word_1_164' title='bbox 327 2581 458 2624; x_wconf 84' lang='lat' dir='ltr'><strong>acuuntur</strong></span> <span class='ocrx_word' id='word_1_165' title='bbox 471 2567 594 2620; x_wconf 73' lang='lat' dir='ltr'><strong>attrita·</strong></span> <span class='ocrx_word' id='word_1_166' title='bbox 612 2568 680 2620; x_wconf 78' lang='lat' dir='ltr'><strong>Dan.</strong></span> <span class='ocrx_word' id='word_1_167' title='bbox 884 2567 1022 2637; x_wconf 80' lang='lat' dir='ltr'><strong>probanda</strong></span> <span class='ocrx_word' id='word_1_168' title='bbox 1038 2569 1172 2622; x_wconf 85' lang='lat' dir='ltr'><strong>lectione:</strong></span> <span class='ocrx_word' id='word_1_169' title='bbox 1199 2595 1211 2617; x_wconf 83' lang='grc' dir='ltr'>ι</span> <span class='ocrx_word' id='word_1_170' title='bbox 1226 2569 1326 2636; x_wconf 83' lang='lat' dir='ltr'><strong>Quid?</strong></span> <span class='ocrx_word' id='word_1_171' title='bbox 1342 2587 1390 2622; x_wconf 83' lang='lat' dir='ltr'><strong>noo</strong></span> 
     </span>
    </p>

    <p class='ocr_par' dir='ltr' id='par_1_4' title="bbox 328 2644 1391 3117">
     <span class='ocr_line' id='line_1_22' title="bbox 368 2644 1391 2720; baseline 0.002 -19"><span class='ocrx_word' id='word_1_172' title='bbox 368 2669 396 2719; x_wconf 89' lang='lat'><strong>7.</strong></span> <span class='ocrx_word' id='word_1_173' title='bbox 410 2647 464 2701; x_wconf 87' lang='lat' dir='ltr'><strong>Nos</strong></span> <span class='ocrx_word' id='word_1_174' title='bbox 476 2659 501 2698; x_wconf 83' lang='lat' dir='ltr'><strong>et</strong></span> <span class='ocrx_word' id='word_1_175' title='bbox 514 2650 627 2716; x_wconf 71' lang='lat' dir='ltr'><strong>sagittar.</strong></span> <span class='ocrx_word' id='word_1_176' title='bbox 643 2647 670 2700; x_wconf 85' lang='lat' dir='ltr'><strong>Ia</strong></span> <span class='ocrx_word' id='word_1_177' title='bbox 681 2644 840 2718; x_wconf 86' lang='lat' dir='ltr'><strong>Scytharum</strong></span> <span class='ocrx_word' id='word_1_178' title='bbox 885 2657 911 2700; x_wconf 88' lang='lat' dir='ltr'><strong>et</strong></span> <span class='ocrx_word' id='word_1_179' title='bbox 924 2647 1044 2702; x_wconf 72' lang='lat' dir='ltr'><strong>bomine·</strong></span> <span class='ocrx_word' id='word_1_180' title='bbox 1055 2646 1165 2720; x_wconf 85' lang='lat' dir='ltr'><strong>quidam</strong></span> <span class='ocrx_word' id='word_1_181' title='bbox 1179 2647 1215 2702; x_wconf 88' lang='lat' dir='ltr'><strong>ad</strong></span> <span class='ocrx_word' id='word_1_182' title='bbox 1233 2668 1336 2703; x_wconf 83' lang='lat' dir='ltr'><strong>venena</strong></span> <span class='ocrx_word' id='word_1_183' title='bbox 1349 2667 1391 2702; x_wconf 85' lang='lat' dir='ltr'><strong>na·</strong></span> 
     </span>
     <span class='ocr_line' id='line_1_23' title="bbox 328 2725 1099 2797; baseline 0.001 -17"><span class='ocrx_word' id='word_1_184' title='bbox 328 2747 386 2782; x_wconf 80' lang='lat' dir='ltr'><strong>moe</strong></span> <span class='ocrx_word' id='word_1_185' title='bbox 400 2740 449 2781; x_wconf 79' lang='lat' dir='ltr'><strong>eet·</strong></span> <span class='ocrx_word' id='word_1_186' title='bbox 463 2727 532 2778; x_wconf 71' lang='lat' dir='ltr'><strong>Dur.</strong></span> <span class='ocrx_word' id='word_1_187' title='bbox 542 2755 582 2766; x_wconf 89' lang='lat'>-</span> <span class='ocrx_word' id='word_1_188' title='bbox 592 2725 711 2796; x_wconf 67' lang='lat' dir='ltr'><strong>Sagittae.</strong></span> <span class='ocrx_word' id='word_1_189' title='bbox 728 2726 841 2797; x_wconf 72' lang='lat' dir='ltr'><strong>Sagittae</strong></span> <span class='ocrx_word' id='word_1_190' title='bbox 884 2737 1006 2781; x_wconf 71' lang='lat' dir='ltr'><strong>moritur.</strong></span> <span class='ocrx_word' id='word_1_191' title='bbox 1016 2753 1028 2776; x_wconf 76' lang='grc' dir='ltr'>ι</span> <span class='ocrx_word' id='word_1_192' title='bbox 1045 2727 1099 2781; x_wconf 82' lang='lat' dir='ltr'><strong>En.</strong></span> 
     </span>
     <span class='ocr_line' id='line_1_24' title="bbox 329 2804 1391 2880; baseline -0.001 -20"><span class='ocrx_word' id='word_1_193' title='bbox 329 2808 435 2860; x_wconf 79' lang='lat' dir='ltr'><strong>tinxisse</strong></span> <span class='ocrx_word' id='word_1_194' title='bbox 448 2805 539 2859; x_wconf 79' lang='lat' dir='ltr'><strong>Gallos</strong></span> <span class='ocrx_word' id='word_1_195' title='bbox 549 2804 757 2869; x_wconf 83' lang='lat' dir='ltr'><strong>medicamento,</strong></span> <span class='ocrx_word' id='word_1_196' title='bbox 767 2804 840 2876; x_wconf 89' lang='lat' dir='ltr'><strong>qnod</strong></span> <span class='ocrx_word' id='word_1_197' title='bbox 928 2808 973 2860; x_wconf 77' lang='lat'><strong>13.</strong></span> <span class='ocrx_word' id='word_1_198' title='bbox 990 2807 1114 2880; x_wconf 66' lang='lat' dir='ltr'><strong>Totaque</strong></span> <span class='ocrx_word' id='word_1_199' title='bbox 1122 2811 1205 2861; x_wconf 77' lang='lat' dir='ltr'><strong>animi.</strong></span> <span class='ocrx_word' id='word_1_200' title='bbox 1215 2807 1251 2861; x_wconf 84' lang='lat' dir='ltr'><strong>Et</strong></span> <span class='ocrx_word' id='word_1_201' title='bbox 1262 2809 1334 2862; x_wconf 83' lang='lat' dir='ltr'><strong>livor</strong></span> <span class='ocrx_word' id='word_1_202' title='bbox 1344 2807 1391 2862; x_wconf 82' lang='lat' dir='ltr'><strong>ani·</strong></span> 
     </span>
     <span class='ocr_line' id='line_1_25' title="bbox 328 2883 1389 2960; baseline 0 -22"><span class='ocrx_word' id='word_1_203' title='bbox 328 2903 460 2940; x_wconf 84' lang='lat' dir='ltr'><strong>venenum</strong></span> <span class='ocrx_word' id='word_1_204' title='bbox 482 2883 630 2938; x_wconf 80' lang='lat' dir='ltr'><strong>cervarium</strong></span> <span class='ocrx_word' id='word_1_205' title='bbox 652 2885 840 2956; x_wconf 80' lang='lat' dir='ltr'><strong>appellabant,</strong></span> <span class='ocrx_word' id='word_1_206' title='bbox 885 2885 923 2937; x_wconf 84' lang='lat' dir='ltr'><strong>mi</strong></span> <span class='ocrx_word' id='word_1_207' title='bbox 938 2884 1026 2940; x_wconf 84' lang='lat' dir='ltr'><strong>adurit</strong></span> <span class='ocrx_word' id='word_1_208' title='bbox 1045 2887 1136 2940; x_wconf 84' lang='lat' dir='ltr'><strong>omnia</strong></span> <span class='ocrx_word' id='word_1_209' title='bbox 1157 2906 1217 2960; x_wconf 70' lang='lat' dir='ltr'><strong>quo</strong></span> <span class='ocrx_word' id='word_1_210' title='bbox 1234 2901 1389 2942; x_wconf 79' lang='lat' dir='ltr'><strong>contrectat:</strong></span> 
     </span>
     <span class='ocr_line' id='line_1_26' title="bbox 328 2963 1390 3041; baseline 0.001 -21"><span class='ocrx_word' id='word_1_211' title='bbox 328 2965 433 3020; x_wconf 82' lang='lat' dir='ltr'><strong>dicetur</strong></span> <span class='ocrx_word' id='word_1_212' title='bbox 444 2964 492 3016; x_wconf 87' lang='lat' dir='ltr'><strong>lib.</strong></span> <span class='ocrx_word' id='word_1_213' title='bbox 503 2963 627 3025; x_wconf 82' lang='lat' dir='ltr'><strong>xxvn,</strong></span> <span class='ocrx_word' id='word_1_214' title='bbox 639 2983 696 3035; x_wconf 85' lang='lat' dir='ltr'><strong>cap.</strong></span> <span class='ocrx_word' id='word_1_215' title='bbox 713 2971 758 3033; x_wconf 71' lang='lat'><strong>76.</strong></span> <span class='ocrx_word' id='word_1_216' title='bbox 772 2965 842 3017; x_wconf 81' lang='lat' dir='ltr'><strong>Elic-</strong></span> <span class='ocrx_word' id='word_1_217' title='bbox 885 2965 962 3030; x_wconf 75' lang='lat' dir='ltr'><strong>iiior,</strong></span> <span class='ocrx_word' id='word_1_218' title='bbox 977 2966 1104 3037; x_wconf 83' lang='lat' dir='ltr'><strong>inquam,</strong></span> <span class='ocrx_word' id='word_1_219' title='bbox 1126 2967 1263 3034; x_wconf 62' lang='lat' dir='ltr'><strong>domnum,</strong></span> <span class='ocrx_word' id='word_1_220' title='bbox 1288 2971 1390 3041; x_wconf 83' lang='lat' dir='ltr'><strong>culpan·</strong></span> 
     </span>
     <span class='ocr_line' id='line_1_27' title="bbox 329 3043 1390 3117; baseline -0.002 -17"><span class='ocrx_word' id='word_1_221' title='bbox 329 3049 397 3100; x_wconf 92' lang='lat' dir='ltr'><strong>boro</strong></span> <span class='ocrx_word' id='word_1_222' title='bbox 410 3061 518 3117; x_wconf 83' lang='lat' dir='ltr'><strong>quoqne</strong></span> <span class='ocrx_word' id='word_1_223' title='bbox 529 3043 576 3096; x_wconf 79' lang='lat' dir='ltr'><strong>tib.</strong></span> <span class='ocrx_word' id='word_1_224' title='bbox 588 3045 678 3109; x_wconf 78' lang='lat' dir='ltr'><strong>XXV,</strong></span> <span class='ocrx_word' id='word_1_225' title='bbox 689 3062 713 3097; x_wconf 94' lang='lat' dir='ltr'><strong>c.</strong></span> <span class='ocrx_word' id='word_1_226' title='bbox 729 3050 775 3097; x_wconf 71' lang='lat'><strong>25.</strong></span> <span class='ocrx_word' id='word_1_227' title='bbox 786 3044 820 3097; x_wconf 85' lang='grc' dir='ltr'><strong>Η.</strong></span> <span class='ocrx_word' id='word_1_228' title='bbox 885 3045 951 3098; x_wconf 82' lang='lat' dir='ltr'><strong>tiam</strong></span> <span class='ocrx_word' id='word_1_229' title='bbox 962 3047 1068 3112; x_wconf 84' lang='lat' dir='ltr'><strong>omnia,</strong></span> <span class='ocrx_word' id='word_1_230' title='bbox 1081 3065 1111 3100; x_wconf 84' lang='lat' dir='ltr'><strong>ac</strong></span> <span class='ocrx_word' id='word_1_231' title='bbox 1123 3045 1243 3100; x_wconf 82' lang='lat' dir='ltr'><strong>dirarum</strong></span> <span class='ocrx_word' id='word_1_232' title='bbox 1257 3050 1390 3102; x_wconf 77' lang='lat' dir='ltr'><strong>volucrum</strong></span> 
     </span>
    </p>

    <p class='ocr_par' dir='ltr' id='par_1_5' title="bbox 329 3125 1391 3501">
     <span class='ocr_line' id='line_1_28' title="bbox 369 3125 1389 3200; baseline 0.002 -22"><span class='ocrx_word' id='word_1_233' title='bbox 369 3129 397 3181; x_wconf 82' lang='lat'><strong>8.</strong></span> <span class='ocrx_word' id='word_1_234' title='bbox 411 3127 499 3179; x_wconf 69' lang='lat' dir='ltr'><strong>Aerem</strong></span> <span class='ocrx_word' id='word_1_235' title='bbox 508 3126 533 3176; x_wconf 79' lang='lat' dir='ltr'><strong>in</strong></span> <span class='ocrx_word' id='word_1_236' title='bbox 543 3126 679 3194; x_wconf 78' lang='lat' dir='ltr'><strong>perniciem.</strong></span> <span class='ocrx_word' id='word_1_237' title='bbox 688 3125 760 3176; x_wconf 84' lang='lat' dir='ltr'><strong>Turn</strong></span> <span class='ocrx_word' id='word_1_238' title='bbox 771 3135 841 3177; x_wconf 87' lang='lat' dir='ltr'><strong>tetro</strong></span> <span class='ocrx_word' id='word_1_239' title='bbox 885 3143 975 3192; x_wconf 83' lang='lat' dir='ltr'><strong>more,</strong></span> <span class='ocrx_word' id='word_1_240' title='bbox 990 3145 1050 3198; x_wconf 76' lang='lat' dir='ltr'><strong>qna</strong></span> <span class='ocrx_word' id='word_1_241' title='bbox 1064 3127 1181 3180; x_wconf 79' lang='lat' dir='ltr'><strong>tenebris</strong></span> <span class='ocrx_word' id='word_1_242' title='bbox 1201 3145 1311 3200; x_wconf 90' lang='lat' dir='ltr'><strong>qnoque</strong></span> <span class='ocrx_word' id='word_1_243' title='bbox 1325 3130 1389 3188; x_wconf 81' lang='lat' dir='ltr'><strong>ania,</strong></span> 
     </span>
     <span class='ocr_line' id='line_1_29' title="bbox 329 3203 1388 3280; baseline -0.002 -21"><span class='ocrx_word' id='word_1_244' title='bbox 329 3206 414 3259; x_wconf 85' lang='lat' dir='ltr'><strong>halitu</strong></span> <span class='ocrx_word' id='word_1_245' title='bbox 429 3204 502 3264; x_wconf 76' lang='lat' dir='ltr'><strong>orie,</strong></span> <span class='ocrx_word' id='word_1_246' title='bbox 518 3215 575 3256; x_wconf 86' lang='lat' dir='ltr'><strong>tum</strong></span> <span class='ocrx_word' id='word_1_247' title='bbox 588 3203 766 3258; x_wconf 78' lang='lat' dir='ltr'><strong>emiaaoietaii</strong></span> <span class='ocrx_word' id='word_1_248' title='bbox 785 3203 841 3274; x_wconf 86' lang='lat' dir='ltr'><strong>api·</strong></span> <span class='ocrx_word' id='word_1_249' title='bbox 884 3205 975 3276; x_wconf 85' lang='lat' dir='ltr'><strong>etipai</strong></span> <span class='ocrx_word' id='word_1_250' title='bbox 996 3205 1118 3258; x_wconf 81' lang='lat' dir='ltr'><strong>noctium</strong></span> <span class='ocrx_word' id='word_1_251' title='bbox 1140 3207 1224 3278; x_wconf 86' lang='lat' dir='ltr'><strong>quieti</strong></span> <span class='ocrx_word' id='word_1_252' title='bbox 1240 3208 1388 3280; x_wconf 71' lang='lat' dir='ltr'><strong>obstrepunt,</strong></span> 
     </span>
     <span class='ocr_line' id='line_1_30' title="bbox 329 3282 1391 3354; baseline 0 -16"><span class='ocrx_word' id='word_1_253' title='bbox 329 3286 384 3339; x_wconf 89' lang='lat' dir='ltr'><strong>ritu</strong></span> <span class='ocrx_word' id='word_1_254' title='bbox 408 3303 424 3338; x_wconf 89' lang='lat' dir='ltr'><strong>e</strong></span> <span class='ocrx_word' id='word_1_255' title='bbox 447 3283 599 3349; x_wconf 75' lang='lat' dir='ltr'><strong>scrobibus,</strong></span> <span class='ocrx_word' id='word_1_256' title='bbox 626 3303 693 3354; x_wconf 81' lang='lat' dir='ltr'><strong>qnos</strong></span> <span class='ocrx_word' id='word_1_257' title='bbox 720 3282 841 3338; x_wconf 76' lang='lat' dir='ltr'><strong>homines</strong></span> <span class='ocrx_word' id='word_1_258' title='bbox 885 3283 1061 3338; x_wconf 81' lang='lat' dir='ltr'><strong>invidentium</strong></span> <span class='ocrx_word' id='word_1_259' title='bbox 1071 3297 1208 3338; x_wconf 78' lang='lat' dir='ltr'><strong>coetemrara</strong></span> <span class='ocrx_word' id='word_1_260' title='bbox 1216 3287 1391 3340; x_wconf 62' lang='lat' dir='ltr'><strong>immica-</strong></span> 
     </span>
     <span class='ocr_line' id='line_1_31' title="bbox 329 3363 1391 3439; baseline -0.001 -21"><span class='ocrx_word' id='word_1_261' title='bbox 329 3365 380 3436; x_wconf 81' lang='lat' dir='ltr'><strong>ipsi</strong></span> <span class='ocrx_word' id='word_1_262' title='bbox 392 3364 511 3430; x_wconf 83' lang='lat' dir='ltr'><strong>fodiunt,</strong></span> <span class='ocrx_word' id='word_1_263' title='bbox 531 3375 588 3416; x_wconf 88' lang='lat' dir='ltr'><strong>tum</strong></span> <span class='ocrx_word' id='word_1_264' title='bbox 604 3363 667 3415; x_wconf 80' lang='lat' dir='ltr'><strong>aliae</strong></span> <span class='ocrx_word' id='word_1_265' title='bbox 680 3364 716 3415; x_wconf 92' lang='lat' dir='ltr'><strong>ob</strong></span> <span class='ocrx_word' id='word_1_266' title='bbox 736 3379 841 3428; x_wconf 70' lang='lat' dir='ltr'><strong>musas,</strong></span> <span class='ocrx_word' id='word_1_267' title='bbox 885 3364 949 3416; x_wconf 79' lang='lat' dir='ltr'><strong>diet</strong></span> <span class='ocrx_word' id='word_1_268' title='bbox 961 3367 1050 3438; x_wconf 80' lang='lat' dir='ltr'><strong>quieti,</strong></span> <span class='ocrx_word' id='word_1_269' title='bbox 1062 3365 1106 3418; x_wconf 76' lang='lat' dir='ltr'><strong>vel</strong></span> <span class='ocrx_word' id='word_1_270' title='bbox 1127 3366 1185 3419; x_wconf 82' lang='lat' dir='ltr'><strong>aoio</strong></span> <span class='ocrx_word' id='word_1_271' title='bbox 1205 3367 1324 3436; x_wconf 72' lang='lat' dir='ltr'><strong>gemitu,</strong></span> <span class='ocrx_word' id='word_1_272' title='bbox 1338 3381 1391 3439; x_wconf 73' lang='lat' dir='ltr'><strong>qua</strong></span> 
     </span>
     <span class='ocr_line' id='line_1_32' title="bbox 330 3440 1391 3501; baseline -0.002 -3"><span class='ocrx_word' id='word_1_273' title='bbox 330 3459 387 3498; x_wconf 84' lang='lat' dir='ltr'><strong>turn</strong></span> <span class='ocrx_word' id='word_1_274' title='bbox 401 3456 431 3497; x_wconf 90' lang='lat' dir='ltr'><strong>ut</strong></span> <span class='ocrx_word' id='word_1_275' title='bbox 443 3440 548 3496; x_wconf 85' lang='lat' dir='ltr'><strong>metalla</strong></span> <span class='ocrx_word' id='word_1_276' title='bbox 561 3454 663 3495; x_wconf 82' lang='lat' dir='ltr'><strong>ernam.</strong></span> <span class='ocrx_word' id='word_1_277' title='bbox 675 3441 764 3495; x_wconf 82' lang='lat' dir='ltr'><strong>Hanc.</strong></span> <span class='ocrx_word' id='word_1_278' title='bbox 888 3443 942 3496; x_wconf 74' lang='lat' dir='ltr'><strong>coia</strong></span> <span class='ocrx_word' id='word_1_279' title='bbox 957 3462 1010 3498; x_wconf 74' lang='lat' dir='ltr'><strong>vox</strong></span> <span class='ocrx_word' id='word_1_280' title='bbox 1024 3463 1116 3498; x_wconf 86' lang='lat' dir='ltr'><strong>eorum</strong></span> <span class='ocrx_word' id='word_1_281' title='bbox 1137 3445 1278 3498; x_wconf 83' lang='lat' dir='ltr'><strong>hominnm</strong></span> <span class='ocrx_word' id='word_1_282' title='bbox 1291 3460 1332 3501; x_wconf 84' lang='lat' dir='ltr'><strong>eat</strong></span> <span class='ocrx_word' id='word_1_283' title='bbox 1343 3446 1391 3500; x_wconf 88' lang='lat' dir='ltr'><strong>:ita</strong></span> 
     </span>
    </p>

    <p class='ocr_par' dir='ltr' id='par_1_6' title="bbox 331 3519 1391 3677">
     <span class='ocr_line' id='line_1_33' title="bbox 371 3519 1391 3596; baseline 0.006 -23"><span class='ocrx_word' id='word_1_284' title='bbox 371 3543 398 3593; x_wconf 85' lang='lat'><strong>9.</strong></span> <span class='ocrx_word' id='word_1_285' title='bbox 424 3522 592 3594; x_wconf 74' lang='lat' dir='ltr'><strong>Quaquidem</strong></span> <span class='ocrx_word' id='word_1_286' title='bbox 608 3519 706 3575; x_wconf 85' lang='lat' dir='ltr'><strong>demut</strong></span> <span class='ocrx_word' id='word_1_287' title='bbox 723 3521 752 3574; x_wconf 88' lang='lat' dir='ltr'><strong>in</strong></span> <span class='ocrx_word' id='word_1_288' title='bbox 765 3521 843 3575; x_wconf 78' lang='lat' dir='ltr'>MSS.</span> <span class='ocrx_word' id='word_1_289' title='bbox 886 3536 918 3576; x_wconf 88' lang='lat' dir='ltr'><strong>ut</strong></span> <span class='ocrx_word' id='word_1_290' title='bbox 928 3523 1150 3596; x_wconf 75' lang='lat' dir='ltr'><strong>inauspicatarum</strong></span> <span class='ocrx_word' id='word_1_291' title='bbox 1166 3525 1256 3579; x_wconf 75' lang='lat' dir='ltr'><strong>avium</strong></span> <span class='ocrx_word' id='word_1_292' title='bbox 1271 3527 1342 3590; x_wconf 82' lang='lat' dir='ltr'><strong>rito,</strong></span> <span class='ocrx_word' id='word_1_293' title='bbox 1354 3524 1391 3579; x_wconf 77' lang='lat' dir='ltr'><strong>vd</strong></span> 
     </span>
     <span class='ocr_line' id='line_1_34' title="bbox 331 3599 1391 3677; baseline 0.001 -20"><span class='ocrx_word' id='word_1_294' title='bbox 331 3607 396 3675; x_wconf 65' lang='lat' dir='ltr'><strong>Reg-</strong></span> <span class='ocrx_word' id='word_1_295' title='bbox 412 3619 438 3668; x_wconf 82' lang='grc' dir='ltr'><strong>ι,</strong></span> <span class='ocrx_word' id='word_1_296' title='bbox 454 3621 483 3666; x_wconf 79' lang='lat' dir='ltr'><strong>a,</strong></span> <span class='ocrx_word' id='word_1_297' title='bbox 497 3614 524 3654; x_wconf 87' lang='lat' dir='ltr'><strong>et</strong></span> <span class='ocrx_word' id='word_1_298' title='bbox 534 3599 600 3654; x_wconf 83' lang='lat' dir='ltr'><strong>edit.</strong></span> <span class='ocrx_word' id='word_1_299' title='bbox 615 3601 747 3672; x_wconf 86' lang='lat' dir='ltr'><strong>principe.</strong></span> <span class='ocrx_word' id='word_1_300' title='bbox 758 3602 843 3654; x_wconf 81' lang='lat' dir='ltr'><strong>Bnor.</strong></span> <span class='ocrx_word' id='word_1_301' title='bbox 887 3621 1000 3657; x_wconf 79' lang='lat' dir='ltr'><strong>occursu</strong></span> <span class='ocrx_word' id='word_1_302' title='bbox 1012 3622 1061 3657; x_wconf 83' lang='lat' dir='ltr'><strong>ano</strong></span> <span class='ocrx_word' id='word_1_303' title='bbox 1072 3617 1162 3657; x_wconf 82' lang='lat' dir='ltr'><strong>vetent</strong></span> <span class='ocrx_word' id='word_1_304' title='bbox 1171 3621 1263 3674; x_wconf 68' lang='lat' dir='ltr'><strong>agere,</strong></span> <span class='ocrx_word' id='word_1_305' title='bbox 1275 3625 1308 3659; x_wconf 87' lang='lat' dir='ltr'><strong>ao</strong></span> <span class='ocrx_word' id='word_1_306' title='bbox 1320 3603 1391 3677; x_wconf 79' lang='lat' dir='ltr'><strong>prod·</strong></span> 
     </span>
    </p>

    <p class='ocr_par' dir='ltr' id='par_1_7' title="bbox 332 3680 1392 3835">
     <span class='ocr_line' id='line_1_35' title="bbox 373 3680 1392 3755; baseline -0.001 -19"><span class='ocrx_word' id='word_1_307' title='bbox 373 3701 417 3736; x_wconf 82' lang='lat' dir='ltr'><strong>ro.</strong></span> <span class='ocrx_word' id='word_1_308' title='bbox 435 3682 528 3735; x_wconf 83' lang='lat' dir='ltr'><strong>Contra</strong></span> <span class='ocrx_word' id='word_1_309' title='bbox 542 3685 693 3754; x_wconf 76' lang='lat' dir='ltr'><strong>serpentt&#39;m.</strong></span> <span class='ocrx_word' id='word_1_310' title='bbox 709 3680 781 3734; x_wconf 85' lang='lat' dir='ltr'><strong>Vide</strong></span> <span class='ocrx_word' id='word_1_311' title='bbox 793 3681 841 3734; x_wconf 81' lang='lat' dir='ltr'><strong>lib.</strong></span> <span class='ocrx_word' id='word_1_312' title='bbox 886 3699 944 3736; x_wconf 76' lang='lat' dir='ltr'><strong>eme</strong></span> <span class='ocrx_word' id='word_1_313' title='bbox 956 3684 1118 3737; x_wconf 72' lang='lat' dir='ltr'><strong>hominibus.</strong></span> <span class='ocrx_word' id='word_1_314' title='bbox 1129 3684 1392 3755; x_wconf 75' lang='lat' dir='ltr'><strong>ltaqneliaoranimi,</strong></span> 
     </span>
     <span class='ocr_line' id='line_1_36' title="bbox 332 3759 1389 3835; baseline 0.001 -19"><span class='ocrx_word' id='word_1_315' title='bbox 332 3763 418 3828; x_wconf 84' lang='lat' dir='ltr'><strong>vm,</strong></span> <span class='ocrx_word' id='word_1_316' title='bbox 429 3779 489 3832; x_wconf 89' lang='lat' dir='ltr'><strong>cap.</strong></span> <span class='ocrx_word' id='word_1_317' title='bbox 505 3759 554 3822; x_wconf 83' lang='lat'><strong>³6,</strong></span> <span class='ocrx_word' id='word_1_318' title='bbox 569 3769 622 3828; x_wconf 67' lang='lat'><strong>41,</strong></span> <span class='ocrx_word' id='word_1_319' title='bbox 637 3772 688 3815; x_wconf 85' lang='lat' dir='ltr'><strong>etc.</strong></span> <span class='ocrx_word' id='word_1_320' title='bbox 699 3761 791 3813; x_wconf 76' lang='lat' dir='ltr'><strong>Hran,</strong></span> <span class='ocrx_word' id='word_1_321' title='bbox 885 3773 913 3814; x_wconf 87' lang='lat' dir='ltr'><strong>et</strong></span> <span class='ocrx_word' id='word_1_322' title='bbox 926 3762 1040 3826; x_wconf 79' lang='lat' dir='ltr'><strong>invidia,</strong></span> <span class='ocrx_word' id='word_1_323' title='bbox 1062 3763 1152 3816; x_wconf 85' lang='lat' dir='ltr'><strong>omnia</strong></span> <span class='ocrx_word' id='word_1_324' title='bbox 1165 3781 1227 3834; x_wconf 71' lang='lat' dir='ltr'><strong>qun</strong></span> <span class='ocrx_word' id='word_1_325' title='bbox 1249 3764 1389 3835; x_wconf 70' lang='lat' dir='ltr'><strong>contingit.</strong></span> 
     </span>
    </p>

    <p class='ocr_par' dir='ltr' id='par_1_8' title="bbox 329 3840 1391 4152">
     <span class='ocr_line' id='line_1_37' title="bbox 374 3840 1391 3914; baseline 0.002 -19"><span class='ocrx_word' id='word_1_326' title='bbox 374 3859 416 3896; x_wconf 85' lang='lat' dir='ltr'><strong>ra.</strong></span> <span class='ocrx_word' id='word_1_327' title='bbox 434 3840 540 3911; x_wconf 81' lang='lat' dir='ltr'><strong>Quaado</strong></span> <span class='ocrx_word' id='word_1_328' title='bbox 552 3841 633 3911; x_wconf 81' lang='lat' dir='ltr'><strong>plara.</strong></span> <span class='ocrx_word' id='word_1_329' title='bbox 649 3841 787 3894; x_wconf 78' lang='lat' dir='ltr'><strong>Broterine</strong></span> <span class='ocrx_word' id='word_1_330' title='bbox 808 3857 841 3892; x_wconf 84' lang='lat' dir='ltr'><strong>ex</strong></span> <span class='ocrx_word' id='word_1_331' title='bbox 885 3841 967 3895; x_wconf 75' lang='lat' dir='ltr'><strong>veluti</strong></span> <span class='ocrx_word' id='word_1_332' title='bbox 980 3841 1110 3907; x_wconf 78' lang='lat' dir='ltr'><strong>adurens,</strong></span> <span class='ocrx_word' id='word_1_333' title='bbox 1122 3841 1232 3912; x_wconf 86' lang='lat' dir='ltr'><strong>qnando</strong></span> <span class='ocrx_word' id='word_1_334' title='bbox 1243 3845 1391 3914; x_wconf 73' lang='lat' dir='ltr'><strong>culpatam·</strong></span> 
     </span>
     <span class='ocr_line' id='line_1_38' title="bbox 331 3919 1389 3994; baseline -0.003 -18"><span class='ocrx_word' id='word_1_335' title='bbox 331 3919 517 3976; x_wconf 84' lang='lat' dir='ltr'><strong>emendatione</strong></span> <span class='ocrx_word' id='word_1_336' title='bbox 531 3920 637 3986; x_wconf 84' lang='lat' dir='ltr'><strong>Hnetii,</strong></span> <span class='ocrx_word' id='word_1_337' title='bbox 652 3933 744 3994; x_wconf 79' lang='lat' dir='ltr'><strong>quanto</strong></span> <span class='ocrx_word' id='word_1_338' title='bbox 757 3920 840 3991; x_wconf 78' lang='lat' dir='ltr'><strong>plara.</strong></span> <span class='ocrx_word' id='word_1_339' title='bbox 885 3922 940 3973; x_wconf 87' lang='lat' dir='ltr'><strong>nia.</strong></span> <span class='ocrx_word' id='word_1_340' title='bbox 953 3920 1090 3974; x_wconf 74' lang='lat' dir='ltr'><strong>flann-</strong></span> <span class='ocrx_word' id='word_1_341' title='bbox 1102 3921 1266 3978; x_wconf 61' lang='lat' dir='ltr'><strong>&amp;ramme</strong></span> <span class='ocrx_word' id='word_1_342' title='bbox 1278 3923 1389 3979; x_wconf 73' lang='lat' dir='ltr'><strong>chifflet.</strong></span> 
     </span>
     <span class='ocr_line' id='line_1_39' title="bbox 330 3999 1389 4064; baseline 0.004 -9"><span class='ocrx_word' id='word_1_343' title='bbox 330 4001 449 4055; x_wconf 82' lang='lat' dir='ltr'><strong>Gronov.</strong></span> <span class='ocrx_word' id='word_1_344' title='bbox 470 4012 497 4052; x_wconf 86' lang='lat' dir='ltr'><strong>et</strong></span> <span class='ocrx_word' id='word_1_345' title='bbox 517 4001 551 4053; x_wconf 85' lang='lat' dir='ltr'><strong>ai.</strong></span> <span class='ocrx_word' id='word_1_346' title='bbox 566 4013 625 4054; x_wconf 82' lang='lat' dir='ltr'><strong>ante</strong></span> <span class='ocrx_word' id='word_1_347' title='bbox 650 3999 733 4056; x_wconf 72' lang='lat' dir='ltr'><strong>Hand.</strong></span> <span class='ocrx_word' id='word_1_348' title='bbox 756 4003 841 4052; x_wconf 71' lang='lat' dir='ltr'><strong>etenim</strong></span> <span class='ocrx_word' id='word_1_349' title='bbox 886 3999 946 4054; x_wconf 88' lang='lat' dir='ltr'><strong>cod.</strong></span> <span class='ocrx_word' id='word_1_350' title='bbox 959 4003 1289 4064; x_wconf 56' lang='lat' dir='ltr'><strong>moatmflroteriueex</strong></span> <span class='ocrx_word' id='word_1_351' title='bbox 1301 4002 1389 4059; x_wconf 77' lang='lat' dir='ltr'><strong>eodem</strong></span> 
     </span>
     <span class='ocr_line' id='line_1_40' title="bbox 329 4080 1202 4152; baseline 0.002 -18"><span class='ocrx_word' id='word_1_352' title='bbox 329 4081 459 4152; x_wconf 75' lang='lat' dir='ltr'><strong>complure.</strong></span> <span class='ocrx_word' id='word_1_353' title='bbox 475 4080 528 4132; x_wconf 84' lang='lat' dir='ltr'><strong>En.</strong></span> <span class='ocrx_word' id='word_1_354' title='bbox 885 4083 951 4152; x_wconf 67' lang='lat' dir='ltr'><strong>neg.</strong></span> <span class='ocrx_word' id='word_1_355' title='bbox 967 4100 999 4148; x_wconf 84' lang='lat' dir='ltr'><strong>a,</strong></span> <span class='ocrx_word' id='word_1_356' title='bbox 1014 4093 1132 4135; x_wconf 78' lang='lat' dir='ltr'><strong>contacta.</strong></span> <span class='ocrx_word' id='word_1_357' title='bbox 1149 4081 1202 4136; x_wconf 85' lang='lat' dir='ltr'><strong>En.</strong></span> 
     </span>
    </p>
   </div>
   <div class='ocr_carea' id='block_1_4' title="bbox 0 0 1479 5009">
    <p class='ocr_par' dir='ltr' id='par_1_9' title="bbox 0 0 1479 5009">
     <span class='ocr_line' id='line_1_41' title="bbox 0 0 1479 5009; baseline 0 0"><span class='ocrx_word' id='word_1_358' title='bbox 0 0 1479 5009; x_wconf 95' lang='lat' dir='ltr'><strong> </strong></span> 
     </span>
    </p>
   </div>
  </div>
 </body>
</html>
