2925 5009
492 469 648 538 nmen
677 471 759 539 xx.
1097 472 1166 573 575

89 596 182 667 facis
196 598 250 668 sd
262 584 397 669 lienem⁸
412 622 490 671 cum
501 597 570 669 sale
581 598 661 669 utile
676 614 745 688 est,
759 615 793 671 et
808 603 942 691 vesica,
956 620 990 675 et
1007 612 1166 704 suspiriis,

88 718 126 772 et
140 705 411 777 inflationibus⁹t
430 706 606 776 decoctum
616 705 640 730 '⁰
653 732 754 777 succo
770 708 950 803 aequaliter,
965 727 998 782 et
1018 716 1163 787 vulvss¹'

88 814 254 908 corrigit:
268 828 302 883 et
313 828 430 883 contra
448 810 701 907 scolopendram
715 828 905 885 terrestrem
921 818 974 889 vel
990 824 1165 893 marinam:

89 918 173 987 item
192 923 384 1015 scorpiones
404 948 412 989 :
433 920 655 1015 privatimque
674 919 765 989 valet
783 938 899 993 contra
921 924 1063 999 bominis
1084 954 1168 999 mor·

91 1032 181 1094 sum.¹
194 1026 305 1095 Radix
325 1041 441 1096 contra
461 1028 677 1096 increscentia
692 1026 858 1097 liuloera'²
878 1054 994 1101 recens
1011 1039 1167 1129 potentis

88 1131 189 1200 simu.
210 1133 311 1204 Arida
325 1158 406 1203 vero
423 1132 632 1203 cicatricibus
649 1134 803 1205 decorem
818 1135 926 1207 effert

146 1242 237 1309 LVI.
267 1243 351 1311 Item
378 1239 511 1335 pulegio
538 1254 591 1308 est
615 1255 810 1336 nepetaeque
837 1246 986 1315 societas.
1017 1248 1163 1319 Decocta
1187 1287 1195 1318 ι

88 1346 182 1413 enim
199 1348 235 1414 in
252 1370 339 1478 aqua
353 1346 396 1416 ad
414 1348 527 1415 tertias
542 1346 739 1417 discutiunt'
753 1348 908 1443 frigora²‚
924 1352 1164 1449 mulierumque

89 1455 276 1523 menstruis
303 1468 454 1548 prosunt.
467 1456 513 1523 Et
521 1467 633 1522 aestate
647 1452 764 1523 sedunt
778 1455 915 1525 calores.
926 1448 1075 1554 Nepeta⁴
1087 1486 1166 1556 quo-

88 1584 160 1653 que
180 1560 272 1629 vires
288 1576 405 1631 contra
419 1574 588 1653 serpentes
601 1560 711 1629 habet.
728 1564 870 1631 Fumum
887 1590 926 1631 ex
947 1588 986 1633 ea
1004 1566 1166 1637 nidorem-

88 1690 159 1759 que
177 1665 331 1761 fugiunt‚
347 1692 445 1761 quarn
465 1680 500 1736 et
516 1667 727 1735 substernere
744 1668 777 1734 in
799 1656 910 1738 metu⁵
929 1672 1166 1745 obdormituris

88 1770 174 1841 utile
198 1788 260 1842 est.
287 1759 398 1843 Tusa⁶
417 1773 574 1870 aegilopiis
594 1774 789 1868 imponitur,
807 1779 974 1871 strepitis
996 1778 1167 1852 doloribus

15 1931 20 1941 .
89 1903 211 1947 recens
232 1904 310 1949 curn
336 1882 432 1949 tertia
461 1894 554 1974 parte
575 1881 668 1973 panis
691 1894 875 1975 temperata
901 1898 996 1954 aceto
1018 1884 1163 1957 illinitur.

130 2120 161 2171 8.
175 2116 223 2170 As
233 2118 326 2171 limem.
341 2118 429 2171 Diose.
442 2118 495 2171 loc.
505 2118 549 2169 cit.
565 2116 606 2171 Ex
692 2114 720 2169 3.
732 2118 877 2183 Mensersu's,
893 2133 945 2173 etc.
961 2121 1025 2175 Eam
1042 2123 1096 2177 sim
1114 2142 1163 2195 pu·

85 2212 166 2251 aceto
177 2198 306 2269 propinat
319 2198 447 2270 Apuleius
458 2196 493 2251 sd
507 2197 616 2271 sptenis
649 2194 719 2266 legio
736 2200 777 2251 vel
796 2199 846 2253 soli
860 2200 894 2266 Q.
906 2200 1020 2255 Serenus
1037 2202 1163 2270 vindicat,

86 2274 230 2342 dolorem,
240 2296 299 2349 esp.
309 2295 382 2343 acri,
395 2278 437 2332 tit.
453 2296 498 2347 17.
512 2276 605 2331 lisso.
649 2294 709 2349 cap.
733 2296 825 2331 xxxv:
845 2280 968 2361 qulegii
990 2282 1077 2336 calido
1096 2302 1163 2357 pur·

132 2374 160 2425 9.
168 2358 206 2409 Et
216 2358 388 2429 inflationibus.
402 2358 484 2429 Apol.
500 2376 524 2409 c.
538 2375 604 2423 scir,
648 2368 727 2427 gatus·
742 2358 842 2412 semina
858 2374 931 2430 potu.
945 2386 956 2407 ι
973 2358 1062 2417 Bran.

87 2436 130 2489 tit.
155 2436 208 2501 15,
227 2436 262 2490 ad
282 2438 446 2491 inllationem
460 2437 606 2503 stomachi,
695 2450 721 2506 4.
734 2439 836 2509 Nepete.
845 2440 986 2511 Apuleius,
1006 2460 1066 2515 esp.
1081 2459 1161 2499 xcts:

86 2518 133 2569 vel
156 2517 368 2571 intestinorum:
391 2517 549 2587 mutegium
572 2535 605 2572 ex
653 2518 810 2575 aMorsibus
839 2532 992 2590 serpentum
1018 2522 1161 2579 curandis:

84 2614 159 2668 aqua
169 2595 254 2652 calida
265 2597 605 2663 contritum,selexsino,
649 2600 746 2655 Herbse
766 2598 862 2670 nepitae
888 2612 1020 2655 montana
1042 2622 1075 2656 ex
1099 2604 1162 2657 sino

17 2704 23 2715 ·
85 2676 234 2746 velperse
247 2676 329 2731 dato:
346 2694 404 2730 rem
420 2675 604 2730 miraberisil·
648 2682 717 2734 tritas
740 2696 833 2731 succus
855 2696 992 2751 expressus
1016 2700 1077 2735 eum
1099 2684 1163 2737 sino

83 2755 151 2809 lieo.
163 2780 175 2803 ι
191 2757 283 2810 Haao.
648 2760 729 2832 potui
737 2756 833 2811 datur:
848 2761 924 2830 cujus
934 2760 1013 2813 etism
1023 2762 1086 2815 lolia
1097 2780 1162 2816 eon·

133 2854 176 2888 ro.
195 2836 337 2891 Desertum.
356 2838 503 2891 Decoctam
518 2853 605 2906 tuqus·
647 2841 708 2894 trita
721 2840 806 2912 plagas
823 2838 924 2891 utiliter
943 2840 1127 2911 imponuntur.
1145 2868 1157 2891 s

83 2916 151 2969 liter
166 2915 276 2986 prodest
294 2934 389 2983 succo,
405 2928 431 2969 et
444 2916 523 2968 simul
543 2916 603 2969 sul-
645 2919 693 2972 Est
705 2922 761 2973 hec
774 2918 890 2971 fortassis
902 2918 1066 2975 Dioscuridis
1081 2932 1161 2977 seta·

68 3012 135 3059 ,ves
156 2997 275 3067 corrigit.
294 2997 330 3051 Η.
352 3028 392 3040 -
412 2995 602 3067 irritationibus:
646 3002 725 3070 pista.
737 2998 830 3049 Haeo.

84 3076 228 3141 amma,
250 3088 300 3130 etc.
326 3077 417 3131 Dalec.
438 3076 603 3147 inflatioribus
688 3079 715 3133 5.
740 3078 772 3131 Iis
792 3089 862 3129 metu.
890 3076 923 3129 In
940 3094 972 3131 eo
988 3080 1048 3134 loeo
1063 3081 1160 3136 obdor-

84 3156 221 3209 decoctuns.
234 3154 338 3224 Soccus,
351 3169 402 3211 etc.
412 3156 466 3209 Eu.
645 3159 764 3223 ruituris,
779 3158 807 3211 in
826 3170 880 3229 quo
893 3172 1029 3228 serpentes
1042 3175 1160 3217 metuen-

132 3252 179 3288 rr.
197 3236 299 3291 Vulsas.
320 3239 469 3291 conversas
486 3236 603 3302 scilieet,
646 3236 1092 3295 dau-csifflnmnueodom.
1104 3242 1157 3297 En.

84 3326 118 3367 nt
131 3313 236 3369 dietum
247 3329 355 3389 estcsp.
372 3316 418 3371 51.
432 3314 603 3370 Adiallstio·
689 3322 716 3373 6.
744 3318 817 3370 Tusa.
838 3317 948 3387 Αἱγίλωψ
970 3320 1041 3373 oculi
1063 3323 1159 3376 vitium

83 3412 135 3447 nes
157 3406 286 3465 praeterea
310 3394 492 3469 duritiamque
515 3396 603 3449 vulvas
647 3410 702 3463 est,
717 3396 1037 3469 quodinauguloocnli,
1055 3402 1102 3473 qui
1119 3416 1159 3456 est

84 3475 194 3545 egregie
217 3476 304 3529 lacere
322 3476 417 3530 scribit
438 3476 528 3529 Diosc:
551 3475 602 3529 loc.
646 3477 681 3531 sd
705 3494 798 3542 nares,
814 3476 875 3529 fieri
897 3494 991 3529 ornnes
1009 3492 1159 3535 testantur:

82 3554 237 3609 eis.11nn.
646 3574 755 3630 esseque
772 3568 916 3609 tumentem
930 3556 1096 3624 abscessum,
1110 3562 1158 3632 qui

131 3650 176 3687 sa.
196 3636 356 3689 lucescentis
373 3637 478 3689 tum
493 3636 526 3688 ln
541 3636 602 3707 qui·
646 3638 674 3690 in
685 3655 715 3690 ea
725 3646 801 3707 parte
808 3647 953 3706 suppuret,
963 3648 990 3689 et
999 3633 1158 3695 fistulam-

84 3714 138 3765 bus
165 3714 265 3769 scilicet
292 3734 355 3769 caro
381 3734 465 3788 supra
490 3714 602 3769 modum
645 3715 681 3770 do
690 3716 812 3770 distillet.
826 3714 914 3768 Nostri
926 3715 1019 3769 Fistula
1030 3718 1158 3790 lacrymula

83 3796 222 3847 extremit.
237 3796 341 3851 Dansc.
644 3815 677 3850 ea
691 3816 722 3851 ea
735 3814 765 3849 re
779 3808 874 3848 vocant
890 3812 897 3849 :
916 3794 1003 3849 Greci
1019 3798 1157 3869 ulpianus:

125 3872 200 3927 LVI.
215 3894 240 3929 r.
249 3875 397 3929 Discutiunt.
408 3876 476 3942 Quas
486 3876 601 3929 febrium
644 3888 672 3930 et
685 3876 720 3930 ris
736 3878 886 3947 assessis,
899 3894 957 3948 qua
976 3892 1026 3930 sos
1046 3879 1157 3933 oculum

83 3954 226 4008 horrorem
234 3966 414 4010 'antevertant
429 3958 519 4011 Haeo.
645 3957 786 4029 caprinum
802 3968 892 4019 sonat,
907 3974 922 4009 a
936 3956 1001 4011 vitio
1015 3958 1115 4013 scilicet
1131 3972 1157 4013 et

129 4054 155 4087 a.
180 4035 297 4106 Frigora.
332 4036 399 4103 Quae
421 4036 600 4091 acuendorum
644 4036 788 4109 labe,qure
800 4036 885 4107 capris
897 4036 951 4089 iere
963 4040 1070 4109 propria
1082 4052 1119 4093 est
1131 4054 1158 4094 et

85 4114 223 4170 febriliusn
233 4116 372 4189 principiis
380 4116 522 4171 invadunt.
532 4119 600 4172 Das..
644 4117 781 4171 continua.
797 4113 867 4169 Vide
878 4115 947 4171 Cels.
960 4118 1026 4184 VH,
1036 4134 1063 4187 7.
1073 4118 1107 4172 H.
