2925 5009
509 458 664 527 steen
692 456 772 528 xx.
1107 454 1178 555 593

105 592 196 663 tibus
211 616 253 661 ex
265 616 307 660 eo
318 588 521 686 cataplasma
529 590 689 685 imposuit
706 614 784 659 cunr
800 590 876 685 apio
889 616 897 659 :
911 591 990 661 item
1002 590 1177 663 vulvarum

104 698 238 783 dulori3
264 696 423 792 deditque
445 694 627 766 bibendum
651 720 730 767 curn
759 696 882 767 anetho
910 698 1178 791 parturientibus.

105 806 312 875 Phreneticis
324 828 458 899 quoque
473 802 604 873 illiuivit
619 826 826 875 recensvcum
843 802 986 897 polenta.
1010 806 1064 875 Sic
1078 820 1113 875 et
1130 808 1180 877 in·

105 911 254 981 lantibus
268 908 434 980 comitiale
446 912 585 989 vitium,
599 922 658 979 aut
669 910 938 979 contractiones²¹
952 912 1177 985 sentientibus.

103 1018 313 1113 Pythagoras
330 1015 465 1111 quidem
484 1028 585 1111 negat
601 1016 726 1109 corripi
746 1016 830 1084 vitio
847 1015 1003 1087 comitiali
1025 1020 1059 1087 in
1076 1042 1178 1091 manu
1196 1036 1213 1093 t

103 1124 286 1209 habentes3
301 1122 442 1217 ideoque
454 1116 737 1217 quamplurimum
747 1119 839 1191 domi
857 1120 1043 1193 serendum.
1058 1127 1179 1195 Parere

103 1255 241 1327 quoque
253 1228 383 1299 facilius
397 1228 611 1299 olfactantes:
626 1242 661 1297 et
669 1230 779 1299 statim
789 1251 809 1297 a
818 1242 915 1323 partu
925 1228 1072 1299 dandum
1084 1234 1179 1325 potui
1301 1264 1305 1271 ⁴

104 1337 244 1433 polenta
258 1358 400 1430 aspersa.
417 1336 605 1405 sosimenes
613 1348 732 1404 contra
745 1358 861 1405 ornnes
874 1333 1012 1405 duritias
1026 1360 1066 1405 ex
1083 1352 1178 1408 aceto

103 1468 187 1515 usus
205 1459 257 1512 est
274 1466 335 1527 eo,
348 1455 382 1511 et
400 1455 519 1511 contra
533 1438 741 1510 lassitudines
753 1442 807 1525 ,iu
825 1440 900 1511 oleo
920 1440 1109 1537 decoquens
1123 1442 1179 1513 ad·

103 1548 178 1621 dito
191 1552 291 1619 nitro.
311 1549 444 1617 Semine
460 1548 531 1641 ejus
545 1562 643 1641 poto,
660 1544 861 1617 lassitudinis
869 1547 1027 1617 auxilium
1041 1550 1179 1619 viatori·

103 1656 171 1728 hus
189 1654 379 1751 spopondit.
398 1653 589 1725 Heraclides
609 1650 652 1723 ad
674 1653 860 1723 inflationes
882 1654 1043 1724 stomachi
1065 1680 1177 1727 semen
1291 1688 1295 1701 ·

103 1763 215 1832 tribus
232 1762 344 1857 digitis
363 1783 439 1831 eum
457 1761 597 1830 castorei
611 1758 717 1829 obolis
736 1758 867 1828 duobus
889 1784 931 1829 es
948 1758 1056 1831 mulso
1075 1761 1177 1832 dedit.

102 1867 263 1938 Similiter
275 1867 318 1937 ad
335 1867 458 1937 ventris
471 1880 531 1935 aut
544 1868 775 1937 intestinorum
792 1865 987 1955 inflationes.
1003 1869 1048 1937 Et
1062 1868 1177 1938 ortho-

102 1977 257 2071 pnoicis,
272 1974 362 2069 quod
380 1974 483 2043 ternis
501 1972 614 2067 digitis
630 1971 844 2067 prehenderit
861 1972 1013 2059 seminis,
1032 1988 1177 2044 tanturn-

102 2082 184 2151 dem
205 2082 395 2175 hyoscyami
412 2104 490 2149 cum
507 2077 592 2149 lacte
612 2079 750 2147 asinino.
769 2075 869 2147 Multi
886 2078 1089 2149 vomituris²²
1104 2105 1178 2151 ace
1196 2094 1212 2148 ⁵

103 2187 221 2258 tabula
245 2188 333 2281 ejus,
361 2200 396 2255 et
417 2184 494 2255 lolia
512 2184 595 2255 lauri
613 2184 730 2255 deceni
755 2186 832 2255 trita
852 2184 887 2253 in
907 2208 1009 2280 aqua,
1035 2186 1178 2257 hibenda

100 2296 194 2364 inter
206 2319 334 2365 coeuani
348 2291 498 2363 suadent.
515 2280 778 2388 strangulatus²3
789 2289 908 2376 vulvas,
921 2292 1179 2369 simunducetur

103 2416 141 2471 et
156 2399 280 2471 linatur
294 2397 458 2477 calidum,
480 2396 532 2467 vel
543 2399 571 2467 si
582 2398 715 2467 bibatur
729 2424 807 2469 cum
823 2412 974 2469 castoreo
988 2401 1022 2467 in
1037 2415 1132 2471 aceto
1145 2414 1179 2469 et

102 2600 198 2674 ansgui
212 2600 329 2655 Pintiaui
349 2618 358 2656 ι
380 2600 409 2652 iu
430 2597 529 2667 quibus
543 2614 619 2652 com·
663 2598 752 2651 tiauus
769 2608 831 2649 ante
842 2597 986 2664 saeculum,
1001 2610 1028 2652 et
1041 2600 1116 2671 quud
1131 2619 1178 2655 ex.

102 2683 185 2757 plura
197 2680 365 2735 inveniebam
380 2676 545 2750 pradorata,
559 2694 619 2749 qua
662 2677 763 2740 currit,
774 2676 849 2747 quasi
863 2676 957 2729 avibus
967 2678 1048 2731 cortis
1061 2680 1176 2752 objecit,

102 2779 183 2815 aaouc
194 2762 313 2834 primum
324 2778 369 2812 me
377 2757 548 2831 proditurum
561 2774 619 2829 ape·
662 2769 702 2809 est
720 2768 836 2827 utroque
858 2756 919 2809 loco
943 2754 1041 2810 medici
1067 2776 1176 2815 nomen.

102 2858 238 2896 meram
250 2841 364 2911 Jamque
381 2837 505 2891 adsersus
517 2855 547 2889 ea
561 2856 619 2889 om·
662 2835 755 2890 Gaon.
768 2836 969 2889 -Eremalta
982 2854 1087 2891 rursum
1098 2838 1177 2894 MSS.
1238 2896 1240 2901 ,

101 2922 151 2976 nia
159 2922 296 2992 spongiam
302 2918 427 2991 parabam
437 2916 619 2988 :nequeenim
663 2932 771 2968 omues:
783 2932 846 2976 nou,
855 2926 883 2967 ut
892 2915 953 2967 libri
965 2914 1134 2981 editi,euiuo.
1142 2918 1176 2975 Η.

104 3002 229 3055 solemus
248 3012 336 3054 actum
355 3016 432 3069 agere
448 3015 455 3049 ι
471 2994 535 3050 dein
550 3013 620 3068 pm·
706 3013 752 3048 ar.
763 2994 955 3053 Contracn'ones.
968 2995 1177 3053 ete.Nervorum

103 3094 179 3137 stare
202 3081 288 3133 visum
309 3077 442 3149 relinqui,
467 3086 499 3128 ut
523 3088 617 3141 eraut,
663 3074 806 3146 σπασμούς.
825 3075 1050 3129 Danau—Aut.
1063 3074 1177 3132 Adver-

102 3172 213 3223 uostra3
224 3160 260 3213 ita
272 3172 376 3216 umen,
388 3170 488 3228 utque
498 3154 622 3227 illepra·
663 3154 728 3207 hum
743 3154 808 3207 haec.
827 3149 916 3205 Haau.

104 3252 232 3312 ceperat,
245 3238 347 3293 auctori
363 3255 411 3290 auo
427 3233 620 3301 redderentur,
705 3251 753 3286 aa.
771 3232 848 3285 Multi
870 3236 1005 3286 vomituris.
1031 3233 1070 3286 Ut
1091 3236 1176 3290 roho.

39 3376 43 3381 ,
105 3318 198 3392 adjuta
221 3318 323 3373 codicis
343 3316 426 3389 hujus
442 3314 619 3373 auctoritate,
663 3312 729 3365 stior
748 3312 783 3365 sit
796 3310 830 3364 ad
851 3312 1023 3366 vomitionem
1038 3314 1178 3386 perficien-

105 3398 217 3473 qnando
227 3399 315 3462 illius,
326 3414 387 3469 qua
399 3393 541 3460 debuerat,
552 3394 621 3447 ratio
663 3389 726 3445 dam
739 3390 916 3445 verstrieulus.
932 3394 1032 3447 Danau.

104 3480 199 3533 habita
219 3497 275 3532 uon
299 3489 364 3531 erat.
385 3472 513 3539 Accedit,
536 3492 620 3545 quum
705 3474 752 3526 sd.
778 3468 960 3539 Str-ungulatus.
975 3473 1015 3526 Ita
1029 3470 1106 3527 MSS.
1122 3491 1177 3526 non

105 3560 166 3614 l'ere
175 3560 258 3613 verbo
269 3569 372 3612 tautum
384 3557 483 3628 jaceat,
493 3556 528 3605 sie
539 3554 621 3623 legen·
663 3550 868 3621 consputationes
889 3540 931 3616 (ut
945 3552 1066 3605 Gronov.
1089 3565 1115 3606 et
1132 3553 1178 3605 alii
1231 3560 1240 3581 ·

92 3640 185 3702 dun,
199 3650 245 3692 aut
256 3638 338 3690 aelius
347 3655 411 3696 esse,
424 3646 455 3687 ut
466 3650 522 3685 uon
530 3632 564 3685 sit
572 3633 621 3687 ob·
665 3642 727 3685 ante
746 3628 828 3683 llard.
843 3618 862 3697 ).
881 3629 994 3683 Uterina
1013 3630 1154 3685 suffocatio
1168 3650 1180 3695 ς

107 3716 309 3783 rium,uedum
320 3716 421 3777 cnivis,
432 3704 621 3784 quidviderit,
665 3730 725 3784 qua
739 3706 891 3763 Dioscoridi
909 3710 1007 3779 ὒςιριιιὴ
1023 3708 1096 3777 mii,
1123 3711 1178 3764 1)Ιί-

104 3795 177 3870 quid
200 3808 327 3868 aequutm
345 3796 397 3859 sit,
417 3810 499 3865 quam
513 3794 549 3844 ob
563 3808 622 3845 rem
664 3792 712 3844 uio
723 3806 905 3861 sepenumero
921 3790 1008 3843 vulsa
1025 3790 1178 3857 conversio,

104 3874 183 3933 aliud
201 3891 281 3949 atque
300 3874 374 3931 aliud
387 3873 527 3947 proterat,
551 3870 622 3925 diei·
665 3869 913 3925 etrulraoonrulsa
926 3868 1035 3923 dieitur.
1055 3868 1180 3924 Estoteri

104 3948 541 4028 nare,arqueexplieatiuseadem
551 3948 622 4005 tradi
665 3949 701 4005 ad
719 3968 833 4023 superna
857 3948 1001 4015 decursus,
1020 3966 1074 4019 quo
1094 3948 1125 4001 lit
1150 3961 1181 4002 nt

104 4034 316 4109 haudquaquam
334 4035 370 4090 sit
388 4030 560 4105 sperandum.
584 4032 623 4084 Ea
666 4029 826 4101 strangulari
844 4042 871 4083 et
885 4028 1010 4085 sulioenl
1024 4028 1130 4085 seusium
1141 4028 1181 4081 ri·

106 4114 257 4176 unionibus
279 4116 362 4189 ἰςίιιιι
382 4112 450 4183 illis,
470 4129 539 4184 quoa
559 4110 624 4167 Pin·
667 4108 790 4165 deantur.
802 4107 894 4164 Hsan.

185 4216 247 4285 VI.
1018 4202 1064 4276 38
