2925 5009
318 456 387 527 280
589 457 629 524 C.
653 446 825 524 PLlNll
847 452 955 522 Nar.
981 453 1111 520 lllST.

314 591 442 676 Ariete,
459 587 626 676 Geminis,
640 591 772 674 Leone,
792 587 912 674 Lilira,
931 586 1086 681 Aquario.
1104 586 1292 656 Zoroastres
1306 585 1364 655 sole

313 693 489 765 duodecim
506 707 617 790 partes
632 694 835 824 Scorpionis!
845 708 1065 787 transgresso,
1082 715 1187 786 quum
1204 691 1279 762 luna
1292 707 1365 762 esset

314 801 348 869 in
359 803 481 870 Tauro.
919 798 924 809 '

281 933 293 966 ι
368 908 460 976 LVI.
482 905 640 999 Sequitur
651 905 730 974 huic
745 904 847 975 dilata
861 919 896 991 et
914 906 1059 975 maxima
1080 902 1232 998 indigens
1244 929 1315 973 cura
1326 903 1363 974 de

314 1027 464 1108 tempore
481 1012 594 1106 fruges
610 1011 741 1080 serendi
757 1013 913 1106 quaestio,
935 1034 1123 1106 magnaque
1143 1033 1186 1078 ex
1210 1025 1297 1105 pute
1318 1034 1363 1078 ra-

314 1121 404 1188 tione
431 1117 575 1188 siderum
598 1140 759 1186 connexa.
779 1118 1212 1207 Quamobrem-sententias
1234 1117 1364 1185 omnium

227 1261 230 1266 ·
314 1225 347 1291 in
369 1225 485 1319 primis
516 1223 559 1291 ad
582 1222 616 1291 id
645 1226 850 1318 pertinentes
874 1247 1089 1319 exponemus.
1119 1221 1295 1309 Hesiodus,
1317 1223 1366 1316 qui

312 1331 467 1425 princeps
481 1331 631 1399 omnium
650 1329 692 1398 de
712 1328 918 1424 agricultura
934 1329 1110 1424 praecepit,
1127 1353 1234 1396 unum
1249 1343 1364 1423 tempus

314 1435 444 1504 serendi
465 1433 600 1504 tradidit
618 1457 636 1503 a
655 1434 877 1530 Vergiliarum
897 1459 1031 1504 occasu.
1049 1433 1225 1504 Scribebat
1240 1436 1319 1503 enim
1337 1435 1365 1502 in

313 1543 438 1611 Boeotia
454 1539 613 1630 Helladis,
623 1540 679 1608 ubi
696 1542 741 1610 ita
752 1543 815 1610 seri
829 1539 999 1612 diximus¹.
1011 1544 1107 1609 Inter
1117 1538 1367 1634 diligentissimos

314 1647 487 1732 convenit,
511 1647 559 1716 uti
581 1647 616 1714 in
638 1644 754 1716 alitum
776 1645 1098 1742 quadrupedumque
1119 1648 1287 1740 genitura,
1307 1671 1368 1715 csse

312 1752 474 1845 quosdam
491 1752 534 1822 ad
553 1767 754 1848 conceptum
769 1753 914 1846 impetus
928 1767 964 1823 et
984 1767 1103 1822 terrae:
1120 1751 1187 1821 hoc
1205 1753 1310 1823 Greci
1328 1753 1367 1820 ita

277 1891 292 1925 s
311 1856 475 1928 deliniunt
492 1884 500 1927 ε
521 1883 624 1952 quum
641 1860 683 1928 sit
700 1857 806 1928 calida
821 1873 856 1927 et
874 1857 1021 1928 humida.
1038 1855 1216 1951 Virgilius'
1235 1860 1368 1928 triticum

311 1977 345 2032 et
368 1962 418 2033 sar
441 1989 460 2033 a
479 1963 702 2059 Vergiliarum
723 1988 845 2034 occasu
865 1966 930 2034 seri
947 1965 1065 2059 jubet,
1083 1949 1274 2033 hordeum³
1295 1966 1370 2033 inter

311 2071 546 2165 aquinocuum
565 2071 716 2139 autumni
731 2085 767 2140 et
781 2070 934 2139 brumam
948 2095 956 2138 :
971 2071 1092 2140 viciam
1111 2094 1195 2138 vero
1201 2057 1224 2151 ⁴,
1243 2069 1371 2140 saseolos

310 2189 344 2244 et
363 2174 504 2265 lentem,
524 2179 629 2245 Boote
652 2176 847 2246 occidente:
867 2201 935 2307 quo
958 2176 1016 2263 fit,
1036 2177 1215 2244 ut‘horum
1237 2176 1368 2246 siderum

310 2281 516 2377 aliorumque
532 2297 667 2352 exortus
682 2295 716 2351 et
730 2306 869 2353 occaseu
896 2281 1070 2376 digerendi
1082 2283 1149 2351 sint
1164 2283 1200 2350 in
1210 2308 1286 2352 suos
1298 2281 1369 2352 dies

331 2499 332 2502 ’
348 2493 422 2546 LVI.
441 2513 466 2548 1.
483 2495 522 2548 lta
542 2497 590 2548 seri
607 2493 719 2548 Marus.
740 2493 823 2546 initio
865 2493 967 2547 hordea
990 2494 1091 2566 campis
1113 2494 1207 2568 Usque
1225 2497 1276 2549 suli
1294 2509 1372 2550 erne·

310 2589 369 2644 cap.
385 2591 428 2628 ro.
440 2575 532 2628 Iliun.
866 2574 1051 2628 membrum
1063 2574 1237 2629 intractabilis
1245 2577 1371 2629 imbrem.-

352 2672 379 2706 π.
404 2653 535 2724 Virgilius.
557 2645 592 2705 Et
611 2671 673 2705 eum
697 2663 824 2723 sequutm
868 2651 960 2707 flattu.

309 2731 477 2796 Columella,
492 2733 539 2786 lib.
550 2733 593 2798 11,
613 2749 671 2802 cap.
693 2733 708 2785 8
721 2749 728 2784 :
741 2753 753 2774 ·
762 2732 824 2785 Pla·
910 2738 937 2796 4.
952 2732 1048 2785 Vicinus
1060 2753 1129 2786 eeu.
1142 2732 1235 2798 Idem,
1248 2753 1285 2787 rs.
1303 2751 1369 2804 ²¹7²

310 2821 353 2864 cet
370 2824 462 2864 nostro
480 2824 566 2883 poetar
585 2808 729 2877 adoreum,
745 2822 824 2882 atque
872 2811 922 2864 «st
936 2829 1001 2865 vero
1013 2813 1164 2884 viciamque
1180 2830 1266 2878 seres,
1287 2815 1371 2866 vilem-

310 2889 388 2942 etiam
401 2890 520 2944 triticum
529 2927 537 2954 ,
546 2909 601 2943 uon
612 2901 675 2942 ante
685 2890 825 2956 seminare,
867 2907 923 2962 qne
932 2891 1057 2950 faselum,
1069 2892 1126 2944 Nec
1137 2891 1282 2947 Pelusiacae
1290 2911 1372 2946 curam

309 2986 389 3038 qnam
412 2967 559 3023 occiderint
578 2969 728 3038 Vergilia:
747 2967 825 3040 quod
868 2969 1062 3042 adspernabere
1071 2971 1151 3023 lentis
1162 2988 1170 3022 ε
1183 2970 1372 3025 Haudolramra

309 3047 396 3118 ipsum
418 3049 537 3103 nummis
555 3049 593 3102 sic
607 3047 727 3102 edisserit
742 3067 751 3103 r
764 3049 825 3102 -ss
868 3048 965 3103 eadem
984 3051 1072 3104 mittet
1095 3050 1144 3102 tibi
1167 3049 1244 3121 signa
1267 3053 1372 3105 Booten

239 3179 245 3194 ,
309 3127 330 3178 ei
345 3127 474 3180 triticeam
485 3129 513 3180 in
525 3129 825 3199 messem,robnstaqus
868 3128 1056 3200 Incipe,etad
1071 3128 1173 3182 medias
1184 3143 1325 3184 sementem
1335 3149 1372 3183 es·

308 3206 379 3259 larsa
395 3205 538 3261 Exercebis
555 3207 684 3270 humum,
709 3208 825 3278 solisque
869 3208 949 3262 tende
964 3211 1082 3278 pruinas.
1092 3233 1105 3255 ι
1118 3209 1178 3261 Hoc
1188 3223 1229 3262 est
1239 3210 1274 3263 ab
1286 3227 1371 3263 ocean

308 3285 418 3338 instabis
443 3287 557 3341 aristis:
586 3289 655 3339 Ante
679 3285 728 3338 tibi
762 3287 825 3340 Eoo
868 3285 1003 3340 Bootsead
1014 3287 1138 3342 brumam
1148 3289 1372 3359 usquesedricis,

309 3363 455 3418 Atlantides
466 3365 688 3420 abscondantur.»
701 3363 824 3418 Abseon·
868 3367 941 3431 lens,
961 3366 1056 3421 faselus
1077 3379 1173 3438 potest.
1191 3369 1283 3422 soom
1300 3387 1371 3440 pono

308 3443 409 3498 duntur
431 3456 520 3498 autem
542 3445 626 3498 altero
645 3455 672 3498 et
687 3444 822 3516 trigesimo
867 3463 1004 3505 oceasum,
1030 3446 1139 3500 Arcturi
1163 3447 1300 3520 intelligo,
1319 3465 1371 3520 qua

308 3521 353 3577 die
373 3536 434 3595 post
444 3524 596 3578 autumnale
610 3523 823 3596 aequinoctium,
866 3526 939 3578 stella
961 3526 990 3578 in
1013 3527 1099 3579 Boote
1122 3539 1169 3579 est.
1198 3527 1323 3581 Dicemus
1342 3523 1371 3580 de

309 3603 385 3674 quod
398 3603 455 3657 iere
467 3604 611 3658 conficitur
625 3622 698 3657 nono
712 3602 820 3658 kalend,
865 3621 959 3659 occasu
973 3623 1023 3668 eo,
1036 3623 1097 3677 cap.
1113 3611 1160 3676 74.
1170 3605 1262 3661 fluo.

308 3681 440 3748 octobris,
452 3695 502 3737 etc.
514 3709 526 3731 ι
542 3685 632 3737 Hsnn.
907 3685 933 3738 ὅ.
948 3687 1057 3737 Eretriis
1069 3697 1094 3737 er
1106 3704 1219 3751 cccmus,
1230 3685 1372 3740 stellione

350 3755 379 3814 3:
391 3762 514 3816 Hordeum
522 3767 592 3815 iuter.
606 3763 683 3834 Virg.
697 3761 822 3834 Georgic.
867 3762 934 3817 sicca
947 3777 974 3817 et
987 3763 1139 3827 suda,rere
1147 3765 1243 3835 pluvio
1255 3779 1282 3818 et
1291 3764 1371 3819 hnmi-

309 3841 338 3908 1,
353 3857 390 3894 rs.
405 3846 475 3899 solit
498 3843 597 3896 eLibra
619 3841 663 3894 die
683 3843 824 3915 somnique
866 3841 902 3896 do
911 3842 1053 3897 fecundam
1060 3855 1173 3914 segetem
1183 3863 1241 3898 esse
1253 3855 1371 3899 monstru

308 3938 384 3990 pares
398 3920 444 3972 ubi
455 3921 548 3975 iecerit
557 3922 650 3986 horas,
659 3922 692 3975 Et
701 3921 823 3976 medium
866 3923 1036 3978 hoccarmen
1045 3923 1141 3977 veteris
1148 3936 1236 3996 poete
1244 3923 1319 3996 apud
1328 3924 1371 3975 Fe·

307 3998 360 4052 luci
383 4011 463 4070 atque
485 4001 586 4054 umbris
598 4003 652 4073 jam
669 3999 766 4054 dividit
777 4021 822 4055 or·
866 4015 937 4055 atum
955 4020 962 4056 :
983 4003 1127 4056 «Hiberno
1148 4003 1277 4075 pulvere,
1297 4019 1370 4058 veras

306 4078 366 4132 bem
379 4097 385 4130 ι
400 4079 537 4148 Exercete,
546 4081 610 4148 viri,
622 4075 729 4150 tarium
743 4082 822 4136 serite
866 4082 933 4150 luto,
939 4082 1048 4154 grandia
1058 4083 1364 4151 rememoremus
