2925 5009
455 453 615 524 LIBER
647 455 753 524 xlx.
1072 453 1143 552 359

81 612 177 680 psrvo
190 588 312 655 seruisse
325 589 435 670 nasci,
454 586 544 680 quod
559 589 674 658 orbem
700 603 865 657 terrarum
885 587 974 658 ultro
994 591 1143 684 citroque

83 709 201 786 portet,
222 709 289 761 torn
313 692 428 788 gracili
447 716 571 780 avena,
600 709 667 764 tum
694 717 763 764 nou
786 693 890 764 ultcu
916 695 1032 764 tellure
1051 695 1143 782 tolli,

82 825 180 893 neque
200 800 231 868 id
253 800 380 868 viribus
398 801 464 868 suis
483 803 590 886 necti;
616 801 674 870 sed
690 800 832 871 fractum
850 801 1048 896 tusumque⁹
1063 817 1097 872 et
1108 805 1142 872 in

83 905 244 976 mollitiam
258 905 343 976 lunae
365 920 539 985 coactum,
563 908 681 1001 injurio
702 931 742 978 uc
764 931 895 978 sumina
916 909 1073 996 audacia,
1100 933 1142 980 eo

83 1011 289 1105 pervenire¹⁰.
305 1013 407 1082 Nulla
426 1016 608 1082 exsecratio
639 1013 764 1083 sufficit
788 1028 905 1083 contra
933 1016 1141 1085 inventorem

82 1119 197 1188 dictum
212 1143 273 1188 suo
292 1117 398 1188 loco¹¹
415 1143 434 1187 a
455 1119 573 1188 uobis:
591 1123 645 1192 cui
663 1121 741 1190 satis
755 1145 824 1189 non
839 1121 900 1189 fuit
917 1121 1087 1192 bominem
1108 1125 1142 1190 in

82 1239 162 1292 terro
186 1228 294 1312 mori,
325 1226 387 1294 nisi
413 1227 536 1320 periret
570 1243 604 1296 et
641 1225 834 1321 insepultus.
864 1235 909 1295 At
935 1251 997 1297 nos
1032 1230 1177 1323 priores

83 1329 161 1400 libro
171 1330 192 1354 ¹²
209 1331 331 1400 imbres
344 1346 377 1401 et
391 1333 488 1401 flatus
504 1333 684 1414 cavendos,
703 1334 835 1430 frugum
847 1357 946 1402 causa
960 1335 1147 1427 victusque,

83 1439 371 1528 praemoncbumus.
408 1441 496 1508 Ecce
528 1442 649 1510 seritur
677 1440 821 1508 hominis
853 1463 974 1524 manu,
1006 1443 1141 1509 irretitur

82 1543 219 1636 ejusdem
248 1544 393 1613 bominis
425 1547 573 1639 ingenio,
602 1546 692 1641 quod
721 1561 851 1614 ventos.
865 1548 899 1614 iu
931 1549 1014 1614 mari
1042 1559 1144 1640 optet.

84 1649 236 1719 Piererea
258 1665 296 1720 ut
321 1653 462 1720 sciamus
484 1651 601 1722 lavisse
618 1639 782 1746 poenas¹³,
804 1651 886 1722 nibil
900 1655 1048 1745 gignitur
1062 1653 1146 1723 luci-

83 1753 158 1824 lius:
179 1771 214 1826 ut
233 1758 414 1828 sentiamus
434 1757 567 1826 nolente
583 1758 613 1828 id
629 1746 731 1828 lieri'⁴
746 1772 884 1842 nutura,
901 1745 1000 1826 urit¹5
1013 1781 1149 1854 agrum,

83 1859 339 1958 deterioremque
359 1864 457 1932 etium
477 1880 598 1933 terram
621 1865 708 1934 lacit.

130 1971 173 2036 Il.
189 1959 252 2060 (ι.)
268 1971 398 2038 Seritur
417 1969 578 2040 sabulosis
596 1969 769 2052 martinse',
782 1995 916 2063 unoque
934 1967 1063 2040 sulco²:
1085 1995 1146 2040 nec
1168 2005 1179 2040 1

86 2076 330 2168 uirgis-festinat
345 2075 445 2146 aliud.
463 2079 552 2146 Vere
568 2063 700 2146 satum³
717 2091 831 2146 aestute
847 2073 993 2160 vellitur,
1012 2090 1045 2145 et
1057 2076 1146 2146 bunc

119 2291 145 2338 9.
167 2271 215 2322 Sed
227 2273 336 2340 fractum
361 2283 492 2342 tuumque,
518 2272 587 2324 Num
631 2273 780 2326 Hucetiem
795 2269 946 2342 referquod
960 2269 1145 2324 hubetiloret.

86 2364 221 2403 ducentur
230 2369 314 2422 mua,
323 2350 588 2421 tunditurque,sem·
631 2350 684 2404 Od.
696 2353 724 2415 1,
734 2353 768 2404 3:
783 2375 795 2397 ι
808 2349 852 2402 lili
862 2351 979 2402 roboret
991 2350 1145 2420 astriples,

86 2447 128 2497 per
147 2429 238 2501 injuris
261 2430 371 2494 melius,
389 2443 419 2482 ut
435 2429 538 2484 dicetur
557 2433 586 2484 iu
631 2442 705 2485 etc.»
721 2432 811 2482 Hsun.

86 2507 132 2560 line
144 2527 199 2580 rep.
213 2512 239 2563 3.
249 2540 288 2552 -
303 2510 345 2562 Itu
360 2510 541 2581 rescripsimus
552 2529 586 2562 ex
674 2529 718 2564 ιπ-
727 2511 765 2562 Ae
773 2515 905 2580 respuere
915 2509 985 2561 iidrc.
998 2509 1145 2580 Superiore

86 2587 138 2640 md.
149 2591 209 2660 Reg.
219 2610 251 2654 ι,
267 2607 352 2660 quum
360 2591 586 2661 priuslegeretur,
631 2591 677 2642 lib.
690 2589 798 2652 xvtss,
811 2593 859 2656 76,
876 2601 902 2640 et
916 2588 980 2642 alias
991 2590 1096 2658 passim.
1108 2589 1143 2639 H.

87 2663 585 2742 sedpmsumsusumque(epudGrunov.
676 2671 719 2724 13.
735 2669 833 2720 Fecisse
844 2687 937 2738 poeuus.
956 2669 1015 2720 lloc
1037 2679 1093 2730 est,
1113 2685 1143 2719 ea

87 2759 110 2798 et
120 2748 181 2802 alios
196 2747 215 2812 ).
234 2747 422 2820 Adstipulutur
436 2750 460 2801 ei
479 2751 586 2803 lectioni
632 2749 703 2802 ultro
718 2766 852 2812 crescere,
876 2750 935 2820 quie
957 2745 1101 2818 gignuntur
1115 2747 1144 2799 in

88 2827 203 2895 Apuleius
218 2830 245 2882 iu
262 2828 310 2882 lib.
328 2827 362 2881 de
375 2825 501 2882 remediis
519 2829 586 2881 solu·
630 2829 769 2881 bomiuum
783 2847 898 2898 poenum.
913 2825 1004 2880 Hirro.

87 2907 188 2972 urihru,
209 2927 289 2979 quem
316 2908 457 2961 sntmssius
479 2925 587 2980 quoqne
674 2914 718 2971 14.
746 2907 850 2960 Nolente
869 2908 896 2958 id
909 2905 976 2975 fieri.
1004 2905 1042 2958 ltu
1066 2906 1143 2959 MSS.

88 2984 158 3048 ridit,
172 2989 198 3040 in
211 2987 295 3041 Solio.
305 3007 365 3059 pag.
381 2991 447 3040 261.
460 2987 503 3040 Sic
513 2989 585 3040 euim
631 3005 732 3040 omues.
754 2987 824 3050 Alii,
844 2987 939 3037 uolente
959 2985 988 3038 id
1006 2989 1061 3037 seri.
1084 2985 1119 3038 Η.

88 3063 223 3120 Pliniuuum
265 3067 354 3120 locum
388 3068 462 3119 bunc
500 3079 585 3121 totum
675 3067 719 3120 15.
737 3067 793 3118 Urit
807 3083 901 3136 ugrum.
915 3064 986 3117 Vide
1004 3081 1063 3136 que
1077 3063 1146 3116 disi·

88 3146 228 3216 compium
246 3165 254 3199 :
270 3169 282 3190 ε
301 3147 387 3200 Parvo
408 3165 472 3217 ergo
488 3147 587 3200 semine
632 3164 706 3210 mus,
727 3145 828 3208 xvn,
850 3163 875 3216 7.
896 3145 984 3197 Hero.

88 3226 206 3292 uantur,
227 3223 302 3298 quod
332 3228 424 3278 orbem
455 3237 587 3278 terrarum
672 3226 709 3278 ll.
738 3245 761 3278 r.
781 3224 890 3288 Seritur,
903 3225 1019 3276 sabulosis
1033 3226 1144 3276 maxime.

89 3303 150 3356 ultro
159 3309 278 3376 citroque
291 3317 397 3376 portet,
422 3319 475 3358 turn
496 3305 587 3375 gracili
631 3305 726 3375 Pingui
744 3317 770 3357 et
790 3306 849 3358 luto
871 3305 947 3368 solo,
969 3301 1146 3368 humidiore,

91 3397 177 3451 asena,
193 3401 248 3438 ram
267 3403 323 3436 non
340 3385 391 3437 ulte
406 3402 419 3436 u
436 3385 529 3437 tellure
542 3403 586 3438 su·
631 3403 685 3438 non
706 3384 821 3437 sitiente.
834 3384 941 3436 Colum.
958 3382 1007 3435 lib.
1021 3384 1065 3447 Il,
1086 3401 1143 3453 rep.

90 3459 147 3514 bbu
164 3483 237 3520 :uec
255 3463 356 3517 viribus
384 3467 438 3517 suis
467 3481 587 3524 nexum,
635 3483 678 3518 10.
697 3463 875 3533 Pinguissimo
892 3465 971 3526 loco,
989 3475 1014 3515 et
1041 3461 1147 3515 modice

91 3539 129 3592 ted
157 3545 267 3598 fructum
306 3557 464 3615 rusumque,
497 3556 523 3595 et
559 3545 586 3597 iu
631 3541 760 3606 humido,
776 3541 875 3595 l’sllud.
888 3541 1146 3607 XI,1.Dsurc.-·

92 3621 213 3676 mollitiem
235 3626 301 3676 lene
321 3635 481 3676 coactum·
512 3622 547 3676 Η.
632 3623 766 3676 Subulosis.
796 3621 853 3673 Nec
884 3639 1004 3674 macrum
1025 3621 1146 3691 respuit,

128 3705 218 3757 1qu
232 3706 363 3774 peruenire.
382 3705 419 3756 Ut
433 3719 529 3774 nempe
543 3721 587 3754 or·
633 3703 719 3774 inquit
739 3701 903 3765 Columella,
922 3701 975 3752 loc.
994 3701 1040 3754 cit.
1061 3701 1094 3754 ri

90 3775 140 3831 hem
152 3795 281 3836 terrerum
302 3783 343 3836 vel
361 3783 398 3835 sic
418 3781 489 3835 ultro
507 3781 588 3835 cirro-
677 3801 701 3834 s.
719 3781 819 3854 Utroque
830 3781 904 3834 sulco.
915 3781 999 3832 Terra
1013 3780 1056 3861 vel
1068 3780 1148 3834 semel

91 3873 134 3926 quc
146 3873 238 3932 portet.
252 3861 344 3914 trinu.
635 3873 715 3916 erute.
729 3861 821 3914 Hine.

128 3957 167 3993 11.
187 3943 287 3994 Dictum
302 3961 345 3994 suo
365 3942 425 3994 1000.
442 3941 503 3994 Lib.
518 3943 590 4002 Vll,
676 3942 704 3994 3:
718 3941 781 3992 Vere
790 3953 877 3992 satum.
889 3939 998 3992 Gratius
1006 3938 1032 3992 iu
1044 3939 1148 4009 Cyurg.

93 4033 141 4086 esp.
157 4021 210 4090 57:
228 4047 240 4070 ι
257 4019 325 4074 Vela
335 4021 423 4074 Icarus
432 4063 439 4086 ,
448 4021 546 4074 malum
564 4031 590 4073 et
635 4039 663 4073 v.
677 4022 727 4090 57:
746 4049 757 4068 ι
768 4019 873 4073 Idcirco
883 4033 909 4072 et
923 4020 1021 4090 primns
1032 4019 1149 4072 linorum

95 4109 221 4154 rutensem
243 4099 366 4155 Dedulus
379 4101 495 4164 inrepit,
511 4111 586 4154 etc·
639 4114 745 4171 tangere
759 4117 856 4154 messes
869 4101 938 4153 Ante
952 4111 1058 4164 retunt,
1071 4115 1151 4170 quum

956 4193 1024 4278 23⁶
