2925 5009
470 376 628 445 trnnn
652 376 761 445 xix.
1077 376 1147 477 ³97

87 504 158 575 lecte
172 505 294 577 mulso⁷
310 508 440 577 semine
454 532 571 577 eorum
581 506 684 577 biduo
695 508 981 605 meccmto,upud
991 512 1147 607 antiquos

86 600 219 683 Greci&
235 627 396 684 auctores
411 614 571 709 seriptum
589 628 640 685 est
659 616 723 684 scri
739 631 910 709 oportere,
929 632 967 685 ut
982 616 1147 689 dulciores

86 718 162 788 fiant
176 718 366 789 Crescunt⁹
382 744 448 815 qua
465 735 631 816 coguntur
645 719 766 791 forms.
786 725 825 791 tn
844 722 941 792 ltalia
953 724 1096 812 virides,
1112 738 1147 795 ct
1165 761 1180 793 2

84 848 169 917 quum
184 827 317 895 minimi
333 852 342 895 :
359 828 393 896 in
407 828 586 922 provinciis
600 850 700 921 quum
717 828 851 897 maximi
866 854 875 897 ε
892 843 927 899 et
940 830 1042 901 cerini
1051 829 1076 855 ¹⁰
1087 846 1148 901 cut

84 933 165 1026 nigri.
197 930 341 1002 Placent
368 934 585 1028 copiosissimi
608 933 746 1022 Africae,
771 934 980 1028 grandissimi
1002 938 1144 1035 Moesitc:

85 1061 172 1130 quum
193 1038 429 1133 magnitudine
450 1063 634 1126 excessere,
653 1062 801 1135 pepones
820 1056 994 1111 vocantur.
1013 1043 1142 1113 vivunt

86 1141 203 1213 hausti¹¹
221 1147 256 1214 in
265 1146 447 1215 stomacho
457 1147 492 1215 in
505 1159 677 1241 posterum
691 1146 794 1233 diem,
805 1172 869 1219 nec
883 1147 999 1243 perfici
1015 1164 1144 1243 qucum

85 1248 113 1315 in
127 1250 218 1337 cibis,
237 1276 311 1321 uon
333 1250 517 1322 insalubres
539 1265 650 1321 temen
672 1250 865 1346 plurimum.
884 1253 1014 1323 Natura
1034 1248 1145 1324 oleum

84 1354 171 1424 odere
186 1358 289 1427 mire:
309 1382 375 1427 nec
391 1360 501 1429 minus
516 1382 618 1453 aquas
631 1357 782 1453 diligunt.
801 1360 935 1429 Desccti
953 1385 1087 1455 quoque
1103 1360 1146 1431 ad
1165 1370 1181 1423 3

87 1484 131 1529 eas
152 1463 282 1533 modice
305 1464 468 1535 distantes
486 1464 651 1560 udrepunt
670 1490 678 1531 τ
695 1479 754 1535 eut
774 1466 802 1533 si
822 1465 903 1561 quid
922 1467 1033 1536 obstet
1054 1468 1142 1536 versi

86 1567 279 1657 pandantur,
316 1584 592 1665 curvanturque:
622 1568 656 1639 id
675 1568 727 1641 vel
750 1594 817 1639 unu
836 1586 938 1642 nocte
959 1571 1142 1667 deprehen·

87 1671 177 1760 ditur,
198 1676 224 1745 si
239 1700 302 1746 vas
325 1700 403 1747 curn
421 1674 537 1771 uqua¹²
550 1676 745 1770 subjicietur
761 1702 782 1745 a
798 1691 942 1771 quatuor
959 1677 1141 1772 digitorum

87 1932 175 1989 llomnr
184 1938 270 1991 vicem
284 1957 318 1993 sc
329 1936 531 1994 similitudinem
547 1958 587 1993 re·
633 1940 794 1995 melonnmt
814 1959 929 2013 quorum
954 1960 1038 2013 genus
1057 1942 1145 2011 illud,

88 2012 163 2069 lemut
174 2036 232 2071 rasa
246 2019 349 2081 vimen.
363 2019 460 2090 quibua
471 2020 588 2073 melones
630 2018 704 2091 quod
718 2017 888 2074 dulcedinem
898 2022 988 2091 gustui
998 2040 1143 2093 repressere.

89 2094 225 2165 intuitum,
238 2098 281 2151 des
295 2100 398 2153 clothes.
410 2097 513 2169 Lepide
522 2117 586 2153 con·
630 2099 790 2170 tst‚vulgns
801 2097 993 2162 indesucn'ms.
1007 2103 1082 2173 qussi
1090 2121 1145 2157 sac·

88 2176 191 2242 querhur
198 2178 349 2245 Martialis,
359 2179 408 2231 lib.
420 2180 502 2243 vltt,
514 2179 585 2249 epig.
629 2176 1144 2250 charinosappellatsneloussucn'fflac

95 2260 134 2318 tl,
146 2273 171 2309 se
184 2260 259 2329 pejus
273 2258 311 2313 sb
329 2258 416 2312 amico
434 2256 586 2329 exceptum,
630 2258 827 2329 prnmscmutio
845 2259 953 2313 uminis
970 2260 1000 2313 in
1019 2279 1144 2316 cucume-

90 2348 155 2399 (μω
166 2337 246 2389 soleat
265 2357 324 2393 esse
339 2338 437 2392 hortus
459 2338 584 2409 pensilis,
629 2356 689 2391 rum
711 2338 867 2392 nostratium
886 2350 944 2393 satu
956 2360 1015 2395 non
1034 2340 1144 2395 adhibe·

91 2408 586 2487 luquutenerparhorumseminasuntt
631 2426 684 2471 tur.
705 2413 795 2469 llnn.

92 2494 166 2563 utqui
179 2513 232 2548 non
245 2497 359 2551 haberet
370 2498 399 2551 in
413 2497 479 2551 cella
490 2514 586 2569 specu·
671 2514 700 2565 9.
715 2495 840 2549 Cmumt.
852 2496 952 2550 Pallad.
964 2498 1016 2553 loc.
1026 2499 1097 2554 citat
1108 2498 1144 2554 de

92 2568 158 2635 luia,
177 2575 272 2645 quibus
297 2577 355 2631 vim
377 2589 535 2641 ventorum,
559 2587 587 2628 et
630 2592 790 2630 cucumeree
803 2575 853 2629 usi
864 2578 923 2647 ejus
931 2576 1025 2631 florem
1036 2579 1105 2633 sieut
1114 2579 1143 2633 in

94 2646 186 2717 injurias
198 2666 351 2727 temporum
366 2656 543 2728 propulsaret.
551 2655 585 2708 Η.
630 2672 678 2707 sua
691 2655 743 2709 vite
755 2666 809 2719 est,
823 2655 854 2707 in
872 2656 959 2710 formu
980 2658 1056 2711 fictili
1070 2659 1143 2714 clau·

125 2748 147 2797 7.
163 2734 226 2801 Quin
238 2748 262 2787 et
281 2738 346 2791 lecte
361 2736 445 2789 nulio.
458 2736 518 2789 Hoc
531 2746 585 2799 est,
629 2734 711 2799 serie,
724 2752 756 2788 ac
767 2734 905 2807 ligaveris,
919 2737 1025 2807 qualem
1038 2738 1143 2793 vultum

94 2804 147 2861 hue
156 2810 182 2863 iu
196 2832 249 2883 quo
263 2816 317 2869 mel
330 2814 464 2869 additum.
477 2815 584 2869 Colum.
629 2813 717 2867 forma
730 2814 773 2867 vel
784 2814 902 2868 hominis
911 2817 954 2869 vel
967 2816 1090 2873 animali»
1096 2819 1145 2872 hs·

95 2883 134 2939 ¹⁰⁰·
145 2890 185 2945 cit.
201 2918 211 2940 ι
224 2895 354 2949 Cucumis
362 2907 438 2949 tener
448 2907 476 2947 et
487 2896 585 2965 jucun·
629 2892 730 2957 buerit,
741 2894 820 2947 talem
827 2886 945 2948 cucumis
953 2896 1066 2968 liguram
1076 2916 1144 2970 pre·

95 2962 198 3023 diuinus
211 2971 255 3038 lit,
274 2976 297 3029 si
319 2986 382 3029 unte
401 2992 481 3047 quam
503 2992 586 3036 serus,
629 2971 719 3025 stabit.
730 2998 742 3020 ·
759 2971 850 3027 Haeo.

96 3053 230 3123 *euenejus
240 3053 452 3109 heteromeres:
463 3053 586 3107 nonnulli
671 3068 712 3106 tc.
724 3053 761 3105 Et
771 3056 854 3107 carim.
860 3054 905 3109 Sic
913 3067 985 3109 recte
992 3053 1145 3109 Thuanuus

96 3123 234 3199 ‘tumque
252 3132 361 3187 dulcior
376 3132 500 3198 exsistet,
517 3150 585 3205 aqua
629 3130 713 3185 codex
734 3151 741 3183 ε
756 3132 844 3187 miuus
865 3145 938 3187 recte
960 3134 1050 3207 prius,
1062 3138 1145 3188 ultim

98 3204 165 3260 mulsa
173 3208 373 3268 idemsaciunt.»
383 3212 585 3277 Palladius,lih.
628 3210 774 3282 legebatur.
786 3214 828 3265 De
842 3230 873 3265 ea
887 3231 952 3266 voce
964 3215 1067 3286 egimus
1079 3216 1143 3281 XV,

86 3280 128 3332 'll'
139 3285 277 3360 chorio,
287 3294 329 3347 tit.
342 3312 376 3363 9:
389 3320 400 3341 ι
409 3294 489 3346 Nunc
501 3292 586 3345 melo·
633 3308 676 3344 ru.
687 3288 778 3343 Haau.

98 3376 135 3415 Μ
142 3370 233 3425 ⁵ethardi
240 3374 368 3427 rarius...
385 3372 485 3425 semina
497 3371 586 3425 mulso
673 3387 718 3424 11.
744 3370 836 3423 Vivum
853 3372 941 3424 hausti.
954 3370 1026 3427 Vide
1043 3374 1142 3429 Athea.

99 3450 119 3491 ²²
138 3442 196 3502 lacte
219 3470 267 3523 per
286 3450 406 3506 triduum
428 3448 585 3505 maceranda
629 3448 678 3502 lib.
699 3450 757 3508 ΙΙΙ,
770 3466 830 3520 pag.
855 3456 908 3519 74,
922 3452 970 3504 ubi
993 3451 1087 3507 mdern
1108 3452 1144 3507 de

98 3534 186 3587 ‘mist
198 3542 259 3585 tunc
270 3535 327 3605 jam
334 3532 429 3585 siccata
442 3528 584 3603 ponendus
629 3546 771 3581 cucumere
782 3528 909 3601 Diphilus
921 3531 1051 3601 Siphnius
1061 3532 1144 3588 medi·

100 3592 150 3653 hinc
172 3625 256 3665 suaves
282 3611 447 3665 efficiuntur.
474 3608 586 3665 Oderati
630 3609 1143 3682 cusferccommesncrst,quuPliuius.

99 3691 168 3735 rnen
179 3687 256 3756 finnt,
270 3704 323 3745 etc.
337 3716 349 3738 ·
369 3690 460 3744 Hero.
629 3684 722 3741 Hero.

132 3761 155 3815 ⁸·
167 3768 236 3837 Apud
247 3775 358 3845 wtrguos
372 3770 485 3825 Groecioe.
496 3770 585 3823 Theo·
673 3786 716 3821 ta.
732 3766 820 3821 Sinas
835 3786 888 3820 etun
906 3788 978 3841 qua.
993 3768 1143 3837 Palladius,
1201 3777 1206 3781 ’

102 3832 182 3899 Phrati.
195 3848 261 3905 llisn
276 3852 325 3903 lib.
344 3852 413 3917 VH,
430 3868 490 3921 cup.
509 3868 543 3912 ι,
559 3861 586 3902 et
629 3847 682 3900 loe.
696 3848 743 3903 cit.
757 3864 818 3919 pag.
834 3851 871 3917 89
889 3845 923 3901 de
934 3851 1141 3906 cucumeribus:

102 3908 258 3985 decarchi).
271 3932 328 3995 111,
340 3948 398 4001 cap.
417 3949 465 3988 rs,
477 3948 505 4001 p.
518 3947 584 3998 ²77·
633 3927 759 3999 «Longi,
771 3927 874 4000 inquit.
885 3940 913 3981 et
926 3928 1011 3983 teneri
1021 3948 1144 3985 cucume-

104 3990 215 4075 H⁰dieqne
226 4009 252 4065 id
265 4010 295 4065 fit
314 4010 342 4063 in
363 4021 420 4065 satu
432 4021 584 4067 nostrorum
629 4006 769 4069 resilient,
783 4008 805 4061 si
819 4026 916 4079 squam
935 4007 964 4061 in
981 4010 1143 4079 potentiva·
1243 4042 1246 4045 ·
