2925 5009
443 453 601 522 LIBER
629 455 785 525 xvlll.
1074 453 1149 528 263

28 637 29 640 η
93 607 167 653 eum
178 583 253 654 ialoe
265 606 344 652 arva
358 585 436 654 visit
447 582 548 679 paulo
563 601 640 656 ante
653 585 812 656 kalendas
830 585 952 682 aprilis.
979 589 1151 682 Peragitur

91 703 195 758 autern
214 691 325 760 mesos
349 692 456 779 maio,
478 690 599 787 stipula
625 717 799 788 nunquam
831 691 996 764 cubitali:
1026 696 1151 789 quippe

92 793 231 866 sabulum
257 795 390 884 subest,
417 798 642 894 granumque⁷
678 797 758 869 linio
791 813 922 870 tanum
950 801 1150 871 continetur.

90 901 299 972 Exoellentius
319 901 498 973 Thebaidis
521 907 650 1001 regioni
670 905 893 994 frumentum,
910 907 1070 1000 quoniam
1092 929 1186 1000 ptr-3

85 1005 192 1082 ‚lustris
211 995 401 1104 Egyptus⁸.
428 1009 549 1081 Similis
575 1013 677 1100 ratio,
703 1011 762 1082 sed
788 1011 925 1082 felicitas
951 1011 1058 1104 major
1082 1015 1149 1082 Ba·

89 1111 219 1207 byloniae
241 1113 417 1202 Seleuciae,
438 1117 612 1212 Euphrate
632 1133 732 1213 atque
748 1119 839 1214 Tigri
858 1117 1150 1212 restagnantibus,

89 1223 233 1313 qnoniam
255 1221 385 1317 rigandi
403 1223 522 1292 modus
537 1224 584 1294 ibi
602 1248 705 1294 manu
726 1239 941 1319 temperatur.
960 1224 1055 1316 Syria
1067 1248 1149 1318 quo·

88 1325 168 1420 que⁹
185 1329 274 1396 tenui
294 1327 387 1398 sulco
409 1342 503 1416 arat,
522 1354 625 1424 quum
644 1329 860 1402 multifariam
876 1327 1021 1399 initalia
1037 1332 1151 1400 octoni
1167 1365 1173 1376 ·

88 1431 217 1502 boves¹⁰
234 1433 277 1503 ad
297 1431 444 1530 singulos
468 1459 618 1506 vomeres
639 1435 806 1506 anhelent.
835 1436 990 1506 lnomni
1015 1435 1150 1529 quidem

87 1553 174 1631 parte
191 1539 348 1628 culturae,
365 1539 423 1610 sed
441 1543 474 1608 in
498 1540 562 1612 hac
582 1541 715 1636 quidem
740 1543 905 1628 maxime,
924 1539 1014 1609 valet
1031 1564 1149 1612 oracu-

88 1641 148 1714 lum
164 1645 261 1716 illud:
279 1645 371 1736 Quid
389 1646 552 1742 quaeque¹¹
571 1649 660 1742 regio
674 1648 829 1744 patiatur.

133 1754 285 1822 valu.
314 1751 517 1822 Vomerum¹
547 1750 643 1849 plura
669 1777 819 1849 genera:
843 1749 969 1822 culter'
991 1767 1148 1840 voratur,
1170 1790 1181 1822 ι

88 1857 298 1950 prodensam,
318 1859 511 1954 priusquam
526 1859 776 1955 proscindatur,
796 1874 921 1927 terram
940 1881 1076 1945 secans,
1096 1857 1148 1927 su-

89 1965 223 2060 turisque
245 1963 346 2034 sulcis
365 1966 505 2059 vestigia
525 1967 744 2061 prescribens
763 1965 934 2048 incisuris,
960 1988 1043 2056 quas
1060 1989 1149 2033 resu-

88 2069 173 2162 pinus
192 2072 224 2139 in
241 2069 370 2140 arando
389 2070 541 2140 mordeat
555 2097 681 2142 vomer.
702 2070 854 2140 Alterum
873 2093 978 2164 genus
1000 2083 1051 2140 est
1072 2069 1148 2140 vul·

89 2198 170 2269 gare,
197 2178 330 2247 rostrati
355 2162 487 2246 vectis³.
517 2178 668 2247 Tertium
696 2179 730 2246 in
753 2175 826 2246 solo
852 2173 961 2261 sacili,
988 2199 1052 2245 nee
1076 2188 1148 2246 toto

90 2297 266 2374 porrectum
286 2269 445 2372 dentali⁴,
463 2283 522 2353 sed
541 2285 660 2380 exigua
677 2283 815 2379 cuspide
832 2281 867 2350 in
888 2294 1008 2352 rostro.
1033 2283 1150 2352 Latior

123 2509 146 2560 7.
154 2491 487 2564 Grmunque...mntinetur.
494 2490 594 2559 Alitnr,
678 2509 703 2544 a.
722 2489 809 2544 cutm
819 2499 932 2541 matur.
957 2489 1091 2542 Brevioris
1104 2507 1151 2542 ro·

92 2571 212 2636 unitur,
228 2571 385 2626 sustinetur.
398 2571 490 2624 Esau.
636 2571 717 2624 meris
744 2587 846 2642 genus,
875 2566 949 2639 quod
979 2568 1062 2622 nostri
1083 2570 1150 2638 apri·

122 2651 145 2703 ll.
158 2651 293 2724 AEgyptus.
310 2651 375 2704 Pars
391 2652 502 2722 Egypti
521 2651 590 2704 inle-
634 2649 699 2703 oola
715 2647 1034 2718 tonant,ooatn.1nlege
1048 2647 1146 2706 Salios,

91 2727 149 2795 rior,
172 2749 230 2802 qna
254 2729 366 2803 proprie
390 2732 538 2802 AEgyptus,
561 2743 589 2784 et
635 2729 676 2783 tit.
702 2747 755 2797 29,
780 2723 872 2788 512,
889 2726 1012 2781 cultellus
1024 2725 1147 2780 dicitnr:

89 2811 245 2864 maiacum
258 2811 344 2864 Delta.
353 2809 445 2863 liano.
636 2833 648 2856 ι
663 2807 690 2860 Si
705 2809 765 2880 quis
782 2807 899 2860 alienum
918 2805 1148 2866 ooltellumt'ura-

122 2889 230 2962 9.Syria
244 2909 345 2964 quoqne.
361 2889 539 2959 Theophrast.
554 2887 588 2942 de
632 2888 716 2954 verit,
729 2901 781 2942 ete.
801 2911 814 2936 ι
836 2887 907 2939 ilino
925 2885 1147 2956 mltdlanqm

90 2965 155 3023 Cras.
165 2970 222 3034 111,
233 2971 287 3034 2⁵,
301 2981 329 3024 et
341 2968 414 3022 aliud
425 2967 533 3040 adjicit:
546 2967 589 3021 sal
633 2967 763 3021 Frontino
773 2965 809 3020 de
824 2966 954 3019 limitibus
964 2983 1100 3035 agrorum,
1106 2977 1147 3020 est

91 3051 171 3118 umet<
184 3050 290 3121 ἀρότροις
302 3051 325 3102 ol
338 3051 406 3120 Σύροι
421 3057 538 3119 χρῶνται.
553 3073 565 3095 ι
632 3069 644 3092 ι
655 3065 750 3117 agrurn
759 3045 962 3100 eminentiorem
969 3043 1003 3099 ad
1009 3045 1146 3117 planitiem

126 3144 164 3182 ιο.
180 3129 271 3182 Ortum
286 3127 354 3184 dom
372 3129 407 3180 od
421 3129 529 3200 singulos
541 3147 588 3179 ao·
632 3125 768 3197 redigere,
786 3151 797 3172 ·
817 3125 933 3198 etqumi
943 3123 1053 3176 cultello
1073 3124 1147 3178 deri·

91 3225 150 3260 ω
178 3209 297 3263 adelart.
328 3213 387 3262 tlon
416 3207 454 3260 illi
479 3206 587 3278 quidem
632 3205 697 3260 dere
715 3219 842 3260 tumores.
862 3205 953 3257 Bran.
970 3203 1146 3256 -.emdas-

89 3286 231 3360 tultjugnm
249 3307 334 3342 unntn
356 3286 448 3354 missi,
468 3287 522 3341 hoo
535 3299 587 3353 est,
631 3305 690 3338 sam.
710 3287 784 3338 Brot.
804 3301 837 3338 ex
853 3283 931 3337 MSS.
950 3295 978 3334 et
990 3281 1056 3336 edit.
1070 3284 1147 3354 prin·

91 3365 127 3419 alii
136 3380 194 3439 post
208 3369 273 3422 alios
284 3367 379 3440 jnnoti.
394 3364 487 3418 Ηιιιι.
632 3367 706 3436 ripe,
718 3365 818 3432 luserim
828 3363 988 3435 protanam.
1004 3361 1056 3415 En.

126 3465 169 3501 ιι.
181 3448 251 3520 Quid
262 3467 371 3522 querque.
390 3443 433 3498 Ad
445 3444 511 3499 illud
524 3446 588 3498 vir·
674 3445 700 3499 3.
709 3445 821 3498 Romu
827 3446 912 3496 vactis.
920 3443 972 3496 Seu
983 3441 1038 3513 pali
1048 3459 1064 3494 e
1073 3442 1146 3496 ferro

91 3523 135 3592 p'l'i
146 3527 245 3600 Georg.
259 3529 289 3592 1,
303 3525 339 3582 53
353 3545 360 3579 :
375 3551 387 3574 ι
399 3525 435 3578 Et
444 3524 589 3598 quidque·
632 3524 751 3578 rostrati,
763 3521 854 3576 lino.

91 3621 132 3674 ψ
148 3607 213 3662 ferat
226 3607 316 3678 regio,
336 3619 363 3660 et
386 3603 454 3677 quid
475 3622 589 3676 quoque
675 3612 701 3668 4.
715 3603 827 3656 Dentati.
840 3599 1065 3669 Dentslelignum
1079 3597 1146 3653 illud

91 3699 187 3740 mmet.
206 3713 218 3734 ι
234 3685 299 3740 Hoc
312 3684 396 3738 multo
409 3697 504 3739 tracta
522 3685 589 3738 ube·
633 3695 690 3750 est,
710 3682 746 3736 sd
769 3679 843 3756 quod
867 3697 959 3733 vomer
980 3677 1146 3742 includitur,

27 3783 29 3790 ·
92 3761 294 3820 noemmin
313 3765 388 3836 praei.
401 3765 500 3836 operis.
513 3765 548 3818 ll.
634 3764 722 3835 inquit
748 3759 857 3816 Servius
883 3759 918 3814 ad
946 3756 1013 3812 illud
1040 3759 1147 3830 Virgilii

122 3843 243 3900 nvm.
254 3863 279 3900 1.
293 3842 590 3910 Vomerum.Vomer,id
635 3843 735 3914 Georg.
748 3844 777 3906 1,
795 3859 847 3910 ¹7²
865 3859 872 3892 :
891 3867 903 3889 ι
918 3838 992 3892 uino
1004 3857 1082 3892 aures
1096 3839 1147 3892 du·

93 3918 178 3980 lenum
185 3924 302 3992 dieitur,
315 3923 388 3996 qnod
396 3923 422 3978 in
430 3937 517 3978 aratro
528 3925 591 3978 liras
636 3923 700 3995 plioi
707 3933 834 3994 aptantur
840 3918 955 3974 dentalia
961 3917 1068 3972 dorso.-
1079 3919 1150 3972 Usus

93 3997 156 4072 licit,
179 4019 205 4059 et
229 4005 369 4077 utrimque
391 4005 494 4058 vomit:
517 4003 589 4058 undo
634 3999 1002 4063 oavoooGolumella,ll,a:
1019 4025 1030 4046 ·
1043 3998 1152 4062 Celsus,

94 4097 186 4140 flumen.
199 4083 510 4141 &declamans
637 4083 747 4154 inquit,
774 4079 951 4136 reformimns
983 4079 1151 4149 imperium,

997 4174 1009 4218 l

946 4213 987 4284 ¹7
