2925 5009
264 453 337 527 650
525 453 806 528 EXCURSUS
835 456 901 527 DE
924 454 1064 527 01210.

263 594 361 649 nempe
374 574 540 637 volutilibus,
554 576 621 629 oleie
633 578 815 632 errentieliltne
823 619 832 647 ,
840 576 976 642 ederedo,
989 586 1017 629 et
1028 572 1194 628 aromatibus
1201 571 1329 627 innixum
1427 574 1431 580 '

263 682 313 718 neo
329 662 440 719 difficile
459 664 509 719 erit
526 662 649 739 judicare
668 666 711 720 rel
730 666 802 720 hene
825 664 984 719 methodum
1002 660 1037 716 ed
1051 680 1146 734 preror
1158 658 1214 733 opii
1226 660 1333 714 elleetur

262 751 458 817 emendendoe,
467 770 608 826 roporoeue
621 772 718 827 nempe
735 753 891 807 elieotiouee
905 749 1089 807 dieeutieudnr
1104 762 1132 804 et
1144 760 1334 823 torperenteut

261 840 297 893 nlr
312 841 376 913 opio
388 850 509 894 notorem
523 839 707 907 excitandum,
720 840 895 913 excogitetent
912 839 1010 905 iniere,
1021 838 1064 892 rel
1079 838 1173 911 opium
1187 837 1290 891 utiliter
1304 837 1335 889 eb

261 930 305 985 hie
325 928 475 983 adhibitum
497 930 577 983 iniere
593 927 628 983 ed
645 930 775 984 tumultur
794 929 829 983 eb
850 928 985 1002 illegitime
999 940 1026 983 et
1045 926 1081 983 ed
1098 926 1152 981 hoo
1164 944 1252 1000 mque
1273 938 1337 979 tem·

210 1067 217 1077 .
260 1037 312 1090 put
323 1016 447 1072 inenditn
457 1016 582 1072 methodo
592 1018 718 1072 excitetur
728 1016 889 1073 inhibendos
898 1016 1098 1091 quodemruodo
1107 1028 1134 1070 et
1146 1014 1337 1069 refruuuudoe.

297 1106 343 1160 13·
363 1106 466 1180 Opiutu
484 1126 546 1161 oum
563 1107 722 1180 elyeterssrue
742 1108 770 1161 in
788 1106 917 1163 intertiue
936 1106 1064 1179 injectum
1082 1103 1194 1159 eordem
1213 1102 1338 1177 produeit

260 1192 375 1249 ellectue
389 1212 422 1247 ee
439 1211 489 1265 per
505 1212 535 1248 οι
553 1206 703 1267 eumptum,
717 1194 774 1247 imo
792 1212 861 1268 repe
878 1196 1010 1267 mojorer;
1024 1205 1051 1247 et
1064 1192 1188 1265 qreriore
1201 1208 1337 1245 nonnum·

261 1300 343 1353 qnem
367 1280 471 1335 inducit
488 1292 674 1355 eymptomete.
698 1284 789 1349 Quere
803 1300 864 1335 rere
882 1280 909 1334 iu
922 1280 1084 1354 clysteribus
1101 1276 1258 1333 dierolritur
1270 1296 1278 1331 :
1291 1274 1337 1331 md

262 1368 351 1439 potine
368 1368 457 1423 iulum
470 1370 511 1423 rel
525 1368 634 1423 deeoottt
650 1387 684 1424 ex
700 1370 838 1443 pepererit
859 1369 913 1424 elbi
935 1368 1068 1441 capitibue
1087 1366 1268 1431 exhibentur,
1290 1384 1337 1419 nec

261 1456 311 1509 nini
322 1476 386 1511 curn
395 1475 498 1511 rumine
512 1458 614 1511 oeutele
627 1458 781 1530 neurpende
790 1470 867 1527 eunt,
880 1468 906 1512 et
914 1454 1085 1513 eolummodo
1096 1454 1132 1511 nd
1144 1454 1337 1509 immoderata

262 1556 288 1598 et
300 1546 444 1599 eeerrirnor
456 1546 510 1598 elei
524 1544 615 1599 fluxus
625 1545 772 1611 rietendoe,
786 1558 832 1601 eut
846 1548 873 1600 in
885 1544 1057 1600 utmuiseimie
1070 1543 1161 1599 uolieir
1172 1542 1321 1597 doloribus.

300 1632 346 1699 α’
363 1634 480 1689 Externe
498 1634 640 1688 edmotom
661 1634 793 1690 dubitent
809 1636 914 1690 incerta
928 1648 966 1690 ert
981 1635 1102 1689 virtutir:
1120 1644 1285 1706 quopropter
1296 1650 1338 1685 ru·

262 1720 366 1774 tierime
379 1720 412 1774 ed
431 1738 554 1793 eoporem
568 1720 751 1775 inducendum
769 1724 931 1795 applicatum
949 1721 1023 1795 qnod
1044 1718 1155 1794 quidem
1169 1739 1222 1775 nec
1240 1732 1337 1773 temere

261 1808 319 1862 lieri
332 1808 422 1863 debet.
435 1808 537 1882 Snpine
548 1808 582 1861 ed
598 1809 779 1883 odontelgintu
792 1808 937 1865 redundent
952 1810 1009 1883 opii
1020 1828 1133 1883 penum
1148 1828 1233 1863 uuum
1247 1804 1337 1862 eutel-

260 1904 351 1951 ternm
365 1908 516 1968 temporum
529 1898 632 1951 erteriie
642 1898 811 1970 applicetur,
833 1918 882 1953 nen
896 1900 998 1970 ubsque
1016 1898 1154 1952 levamine.
1167 1876 1271 1950 lerunt
1284 1896 1336 1949 Ge·

262 1984 339 2039 lenue
354 1996 443 2039 mouet
456 1985 543 2056 opinte
559 1985 703 2058 plurmum
720 1987 830 2041 nuribue
844 1998 869 2041 et
881 1986 966 2040 oeulie
976 1984 1082 2040 ndmote
1097 1982 1248 2039 admodum
1260 1983 1336 2037 uode

261 2090 318 2125 eree
328 2090 335 2125 :
345 2072 418 2126 visne
434 2072 506 2127 euim
522 2072 714 2128 hebetudinem
726 2087 754 2129 et
766 2074 838 2129 eurie
855 2077 1012 2148 gravitatem
1024 2072 1165 2129 inducunt.
1181 2072 1216 2126 lu
1228 2070 1335 2127 vulnere

262 2177 372 2233 quoque
384 2178 548 2233 qengrnneru
564 2162 657 2232 eaepine
675 2160 807 2215 inserunt.

300 2250 345 2301 1⁵·
358 2247 433 2301 ldem
448 2247 587 2301 ferendum
604 2260 642 2302 eet
650 2247 787 2323 judicium
806 2247 841 2305 de
851 2248 1015 2322 papaverinir
1029 2268 1062 2303 ee
1084 2246 1119 2304 de
1128 2250 1211 2321 opio,
1224 2248 1335 2302 Ιίοαω

262 2352 323 2389 tutu
338 2334 377 2389 vie
392 2336 538 2409 soporifero
552 2337 632 2411 louge
642 2338 830 2393 remieeiorrit.

297 2424 338 2477 lix
353 2426 491 2497 papaverie
504 2424 557 2478 elbi
575 2426 693 2499 pertibus
707 2426 791 2501 capitu
811 2426 868 2481 lere
879 2426 937 2481 eolo
952 2424 997 2479 hio
1011 2424 1038 2479 in
1052 2442 1130 2479 neum
1142 2424 1267 2481 reninut.
1279 2424 1334 2477 llu-

262 2522 322 2567 tttre
335 2512 497 2585 colliguntur
514 2524 542 2567 et
553 2514 682 2568 exsiccate
695 2524 845 2569 amentur.
860 2514 898 2569 Ex
910 2514 953 2571 hie
966 2512 1094 2587 disruptis
1107 2524 1134 2567 et
1147 2512 1284 2581 leoentie,
1293 2528 1332 2567 re·

259 2602 332 2672 jecto
347 2602 448 2655 nemine
463 2612 599 2674 temqueur
617 2602 720 2665 inutili,
738 2602 826 2659 inluee
846 2614 872 2658 et
893 2600 1002 2658 deeocte
1022 2612 1210 2675 preparentur
1221 2601 1291 2657 riunt
1308 2614 1333 2655 et

262 2706 395 2763 eyrupue,
407 2688 560 2743 dineodium
572 2691 655 2763 vulgo
667 2690 763 2745 dietus.
774 2690 883 2746 Semini
897 2708 962 2746 reru
975 2690 1116 2745 rumullem
1129 2708 1186 2745 non
1204 2700 1281 2755 eunt,
1290 2686 1333 2743 red

261 2778 351 2833 elenen
364 2790 392 2832 et
403 2776 545 2833 nutrientia
556 2796 563 2831 ε
575 2797 609 2833 ex
623 2780 675 2833 illie
688 2780 771 2845 olirn,
781 2790 848 2833 terte
857 2778 1027 2845 Dioeooride,
1041 2796 1138 2853 penem
1150 2776 1332 2833 oonfloieluent.

261 2864 318 2920 Nee
331 2866 418 2920 tolum
431 2867 568 2939 pepereris
580 2866 649 2931 eibi,
661 2866 709 2921 red
722 2868 799 2922 etiem
818 2866 886 2941 nigri
900 2884 990 2921 remen
1007 2864 1176 2921 erculentntn
1188 2880 1245 2936 αις
1256 2866 1333 2940 tiqui·

261 2950 323 3005 dem
337 2952 429 3008 eerilrit
437 2951 597 3008 Metthiolue
611 2972 655 3009 ene
666 2954 714 3028 qni
721 2952 893 3009 Tridentium
901 2954 1002 3017 valler.
1014 2954 1119 3009 Stiriem
1132 2966 1158 3009 et
1171 2954 1333 3029 inperium

262 3040 393 3095 Auetrietn
409 3040 543 3108 ineolnut,
557 3042 717 3113 plecentulie
729 3042 800 3096 renui
813 3058 874 3098 eum
887 3040 1028 3116 utrimque
1039 3042 1180 3115 pepererie
1191 3042 1335 3098 rentiulltttr

261 3139 287 3181 et
307 3126 390 3182 lerion
413 3128 528 3201 pentir,
546 3129 659 3201 oleoque
676 3146 801 3203 expromo
822 3130 851 3184 lu
872 3130 939 3185 cibit
956 3130 1085 3186 continuo
1103 3130 1159 3199 uti,
1177 3148 1234 3185 non
1248 3140 1334 3185 umen

261 3227 414 3271 veternoroe
428 3214 487 3270 deri
500 3230 548 3271 eut
561 3217 725 3297 diuturniori
738 3236 834 3274 temno
853 3220 921 3295 oepi.
934 3220 1095 3295 liuperrime
1114 3236 1237 3293 qnoque,
1252 3234 1334 3294 quun

262 3304 353 3360 oleum
366 3305 514 3371 olivarum,
529 3308 627 3361 neentis
642 3307 787 3383 perleigide
811 3308 873 3363 enni
900 3324 967 3381 ¹7¹⁰
990 3308 1080 3364 ltieme
1096 3307 1176 3375 oleie,
1191 3308 1270 3363 nobie
1282 3309 1334 3363 lere

262 3392 402 3455 deficeret,
417 3395 477 3449 oleo
490 3414 522 3449 ex
536 3396 680 3451 eemiuibue
697 3397 835 3469 utriunque
847 3396 983 3471 pepereris
1001 3412 1127 3473 expreeeo
1141 3397 1169 3451 in
1183 3399 1238 3453 olei
1257 3397 1335 3452 olive·

263 3501 324 3537 rutn
342 3482 428 3538 tieem
442 3496 571 3539 noetretee
584 3485 613 3537 in
625 3484 692 3539 eilrie
703 3484 812 3540 innoxie
824 3485 873 3553 uei
884 3486 1003 3541 luerunt.
1017 3486 1144 3541 tntae·
1158 3486 1200 3542 Cl.
1211 3486 1335 3542 Toum·

260 3588 330 3625 ιοιι
343 3570 446 3627 Genute
466 3573 616 3628 olreerrevit
632 3572 810 3629 nohilieeimet
824 3587 960 3629 metrouer
980 3586 1007 3629 et
1020 3574 1120 3649 puellm
1139 3574 1333 3648 mmnpape·

261 3660 332 3715 verit
342 3660 395 3715 etet
405 3660 532 3715 monhore
542 3660 663 3717 obductu
673 3660 774 3717 ellatirn
787 3680 894 3723 rorere,
906 3680 994 3736 neque
1004 3660 1033 3717 ln
1042 3676 1180 3717 ramnum
1189 3660 1333 3717 iueurm.

259 3748 434 3823 Quapropter
444 3750 473 3803 iu
486 3748 677 3804 emuleionibue
696 3746 875 3825 properendir
886 3746 924 3805 ed
936 3748 1083 3805 ltinrorum
1101 3746 1278 3803 eorimonlem
1288 3748 1333 3805 de·

260 3840 431 3895 mulcendum
443 3848 489 3894 eut
507 3850 601 3894 netum
618 3838 860 3913 compercendum,
873 3860 935 3895 eum
949 3852 1064 3914 quotuor
1076 3838 1222 3895 reminilrut
1231 3836 1332 3913 tetgtm

261 3930 415 4004 trequenter
434 3927 574 4003 pepererit
590 3924 645 3982 ellri
660 3948 752 3985 remeo
773 3940 982 4003 ururpeturzex
998 3946 1032 3984 eo
1051 3946 1160 4003 quoque
1178 3926 1269 3983 oleum
1289 3942 1331 3983 u·

260 4018 425 4075 multurae
438 4038 516 4074 urum
529 4030 672 4074 externum
685 4018 715 4073 in
730 4016 878 4075 linimentie
890 4030 916 4073 et
929 4018 1074 4093 unguentis
1087 4012 1279 4072 edltibeudnm.

457 4104 619 4173 Gromor,
635 4112 717 4163 φησι.
729 4110 762 4161 e·
776 4110 866 4163 ttaor.
880 4108 971 4161 uelut.
984 4120 1041 4160 nn.
1052 4112 1097 4177 tt,
1110 4124 1176 4179 pq.
1186 4100 1312 4179 ⁶⁸7⁸st

522 4199 1080 4241 -..ἠ-...-
