<?xml version="1.0" encoding="UTF-8"?>
<!DOCTYPE html PUBLIC "-//W3C//DTD XHTML 1.0 Transitional//EN"
    "http://www.w3.org/TR/xhtml1/DTD/xhtml1-transitional.dtd">
<html xmlns="http://www.w3.org/1999/xhtml" xml:lang="en" lang="en">
 <head>
  <title>
</title>
<meta http-equiv="Content-Type" content="text/html;charset=utf-8" />
  <meta name='ocr-system' content='tesseract 3.04.00' />
  <meta name='ocr-capabilities' content='ocr_page ocr_carea ocr_par ocr_line ocrx_word'/>
</head>
<body>
  <div class='ocr_page' id='page_1' title='image "./caiipliniisecun02unkngoog_0472.png"; bbox 0 0 2925 5009; ppageno 0'>
   <div class='ocr_carea' id='block_1_1' title="bbox 481 491 1160 586">
    <p class='ocr_par' dir='ltr' id='par_1_1' title="bbox 481 491 1160 586">
     <span class='ocr_line' id='line_1_1' title="bbox 481 491 1160 586; baseline 0 -25"><span class='ocrx_word' id='word_1_1' title='bbox 481 493 642 562; x_wconf 76' lang='lat' dir='ltr'><strong>arnan</strong></span> <span class='ocrx_word' id='word_1_2' title='bbox 667 494 772 561; x_wconf 81' lang='lat' dir='ltr'><strong>xix.</strong></span> <span class='ocrx_word' id='word_1_3' title='bbox 1083 491 1160 586; x_wconf 69' lang='lat'><strong>459</strong></span> 
     </span>
    </p>
   </div>
   <div class='ocr_carea' id='block_1_2' title="bbox 70 608 1249 3888">
    <p class='ocr_par' dir='ltr' id='par_1_2' title="bbox 70 608 1249 3888">
     <span class='ocr_line' id='line_1_2' title="bbox 89 608 1161 708; baseline 0.001 -17"><span class='ocrx_word' id='word_1_4' title='bbox 89 622 213 691; x_wconf 82' lang='lat' dir='ltr'><strong>seritur</strong></span> <span class='ocrx_word' id='word_1_5' title='bbox 227 622 360 691; x_wconf 85' lang='lat' dir='ltr'><strong>semiue.</strong></span> <span class='ocrx_word' id='word_1_6' title='bbox 378 620 537 694; x_wconf 84' lang='lat' dir='ltr'><strong>Radicem</strong></span> <span class='ocrx_word' id='word_1_7' title='bbox 554 608 835 708; x_wconf 83' lang='lat' dir='ltr'><strong>habet⁵olusatri‚</strong></span> <span class='ocrx_word' id='word_1_8' title='bbox 851 620 932 691; x_wconf 88' lang='lat' dir='ltr'><strong>nihil</strong></span> <span class='ocrx_word' id='word_1_9' title='bbox 949 620 1083 693; x_wconf 82' lang='lat' dir='ltr'><strong>atlturc</strong></span> <span class='ocrx_word' id='word_1_10' title='bbox 1096 622 1161 693; x_wconf 84' lang='lat' dir='ltr'><strong>dif-</strong></span> 
     </span>
     <span class='ocr_line' id='line_1_3' title="bbox 89 725 1159 825; baseline 0.002 -30"><span class='ocrx_word' id='word_1_11' title='bbox 89 725 261 796; x_wconf 78' lang='lat' dir='ltr'><strong>ferentem.</strong></span> <span class='ocrx_word' id='word_1_12' title='bbox 283 728 376 799; x_wconf 84' lang='lat' dir='ltr'><strong>Usus</strong></span> <span class='ocrx_word' id='word_1_13' title='bbox 394 729 465 823; x_wconf 86' lang='lat' dir='ltr'><strong>ejus</strong></span> <span class='ocrx_word' id='word_1_14' title='bbox 487 743 563 825; x_wconf 91' lang='lat' dir='ltr'><strong>post</strong></span> <span class='ocrx_word' id='word_1_15' title='bbox 581 753 707 802; x_wconf 88' lang='lat' dir='ltr'><strong>aunum</strong></span> <span class='ocrx_word' id='word_1_16' title='bbox 724 728 898 803; x_wconf 75' lang='lat' dir='ltr'><strong>stomacho</strong></span> <span class='ocrx_word' id='word_1_17' title='bbox 914 726 1159 799; x_wconf 85' lang='lat' dir='ltr'><strong>saluberrimus.</strong></span> 
     </span>
     <span class='ocr_line' id='line_1_4' title="bbox 90 832 1193 931; baseline 0.004 -30"><span class='ocrx_word' id='word_1_18' title='bbox 90 832 237 921; x_wconf 80' lang='lat' dir='ltr'><strong>Quidam</strong></span> <span class='ocrx_word' id='word_1_19' title='bbox 252 858 327 903; x_wconf 88' lang='lat' dir='ltr'><strong>eam</strong></span> <span class='ocrx_word' id='word_1_20' title='bbox 341 836 475 905; x_wconf 89' lang='lat' dir='ltr'><strong>nomine</strong></span> <span class='ocrx_word' id='word_1_21' title='bbox 493 835 557 906; x_wconf 88' lang='lat' dir='ltr'><strong>alio</strong></span> <span class='ocrx_word' id='word_1_22' title='bbox 570 836 793 906; x_wconf 84' lang='lat' dir='ltr'>rosmarinum</span> <span class='ocrx_word' id='word_1_23' title='bbox 804 832 983 931; x_wconf 86' lang='lat' dir='ltr'><strong>appellant.</strong></span> <span class='ocrx_word' id='word_1_24' title='bbox 998 836 1042 903; x_wconf 89' lang='lat' dir='ltr'><strong>Et</strong></span> <span class='ocrx_word' id='word_1_25' title='bbox 1054 859 1158 929; x_wconf 80' lang='lat' dir='ltr'><strong>smyr-</strong></span> <span class='ocrx_word' id='word_1_26' title='bbox 1178 872 1193 905; x_wconf 68' lang='grc' dir='ltr'><strong>ι</strong></span> 
     </span>
     <span class='ocr_line' id='line_1_5' title="bbox 89 923 1158 1037; baseline 0.003 -31"><span class='ocrx_word' id='word_1_27' title='bbox 89 923 198 1007; x_wconf 77' lang='lat' dir='ltr'><strong>nium‘</strong></span> <span class='ocrx_word' id='word_1_28' title='bbox 210 938 284 1011; x_wconf 90' lang='lat' dir='ltr'><strong>olus</strong></span> <span class='ocrx_word' id='word_1_29' title='bbox 296 941 417 1011; x_wconf 89' lang='lat' dir='ltr'><strong>seritur</strong></span> <span class='ocrx_word' id='word_1_30' title='bbox 426 940 541 1013; x_wconf 84' lang='lat' dir='ltr'><strong>iisdem</strong></span> <span class='ocrx_word' id='word_1_31' title='bbox 557 940 653 1031; x_wconf 89' lang='lat' dir='ltr'><strong>locis,</strong></span> <span class='ocrx_word' id='word_1_32' title='bbox 662 942 900 1037; x_wconf 81' lang='lat' dir='ltr'><strong>myrrhamque</strong></span> <span class='ocrx_word' id='word_1_33' title='bbox 909 940 1020 1010; x_wconf 80' lang='lat' dir='ltr'><strong>radice</strong></span> <span class='ocrx_word' id='word_1_34' title='bbox 1034 942 1158 1035; x_wconf 81' lang='lat' dir='ltr'><strong>resipit.</strong></span> 
     </span>
     <span class='ocr_line' id='line_1_6' title="bbox 89 1044 1161 1144; baseline 0.003 -30"><span class='ocrx_word' id='word_1_35' title='bbox 89 1044 216 1115; x_wconf 85' lang='lat' dir='ltr'><strong>Eadem</strong></span> <span class='ocrx_word' id='word_1_36' title='bbox 232 1060 267 1115; x_wconf 90' lang='lat' dir='ltr'><strong>et</strong></span> <span class='ocrx_word' id='word_1_37' title='bbox 287 1046 474 1143; x_wconf 81' lang='lat' dir='ltr'><strong>siliquastro</strong></span> <span class='ocrx_word' id='word_1_38' title='bbox 489 1047 584 1119; x_wconf 72' lang='lat' dir='ltr'><strong>satid</strong></span> <span class='ocrx_word' id='word_1_39' title='bbox 603 1046 745 1144; x_wconf 85' lang='lat' dir='ltr'><strong>Reliqua</strong></span> <span class='ocrx_word' id='word_1_40' title='bbox 763 1072 783 1117; x_wconf 91' lang='lat' dir='ltr'><strong>a</strong></span> <span class='ocrx_word' id='word_1_41' title='bbox 803 1048 931 1119; x_wconf 70' lang='lat' dir='ltr'><strong>cacteris</strong></span> <span class='ocrx_word' id='word_1_42' title='bbox 948 1060 984 1115; x_wconf 92' lang='lat' dir='ltr'><strong>et</strong></span> <span class='ocrx_word' id='word_1_43' title='bbox 1002 1044 1106 1117; x_wconf 91' lang='lat' dir='ltr'><strong>odore</strong></span> <span class='ocrx_word' id='word_1_44' title='bbox 1126 1061 1161 1117; x_wconf 88' lang='lat' dir='ltr'><strong>et</strong></span> 
     </span>
     <span class='ocr_line' id='line_1_7' title="bbox 88 1150 1162 1250; baseline 0.002 -30"><span class='ocrx_word' id='word_1_45' title='bbox 88 1174 210 1247; x_wconf 88' lang='lat' dir='ltr'><strong>sapore</strong></span> <span class='ocrx_word' id='word_1_46' title='bbox 225 1150 407 1240; x_wconf 85' lang='lat' dir='ltr'><strong>differunt,</strong></span> <span class='ocrx_word' id='word_1_47' title='bbox 423 1169 462 1223; x_wconf 86' lang='lat' dir='ltr'><strong>ut</strong></span> <span class='ocrx_word' id='word_1_48' title='bbox 479 1154 638 1225; x_wconf 84' lang='lat' dir='ltr'><strong>anethum</strong></span> <span class='ocrx_word' id='word_1_49' title='bbox 656 1180 664 1223; x_wconf 91' lang='lat'><strong>:</strong></span> <span class='ocrx_word' id='word_1_50' title='bbox 682 1167 841 1250; x_wconf 89' lang='lat' dir='ltr'><strong>tantaque</strong></span> <span class='ocrx_word' id='word_1_51' title='bbox 860 1166 912 1224; x_wconf 87' lang='lat' dir='ltr'><strong>cst</strong></span> <span class='ocrx_word' id='word_1_52' title='bbox 927 1152 1100 1223; x_wconf 82' lang='lat' dir='ltr'><strong>diversitas</strong></span> <span class='ocrx_word' id='word_1_53' title='bbox 1116 1168 1162 1222; x_wconf 85' lang='lat' dir='ltr'><strong>at·</strong></span> 
     </span>
     <span class='ocr_line' id='line_1_8' title="bbox 88 1258 1161 1352; baseline 0.002 -25"><span class='ocrx_word' id='word_1_54' title='bbox 88 1280 155 1352; x_wconf 91' lang='lat' dir='ltr'><strong>que</strong></span> <span class='ocrx_word' id='word_1_55' title='bbox 172 1258 240 1345; x_wconf 84' lang='lat' dir='ltr'><strong>vis,</strong></span> <span class='ocrx_word' id='word_1_56' title='bbox 255 1274 296 1329; x_wconf 88' lang='lat' dir='ltr'><strong>ut</strong></span> <span class='ocrx_word' id='word_1_57' title='bbox 313 1284 383 1329; x_wconf 88' lang='lat' dir='ltr'><strong>non</strong></span> <span class='ocrx_word' id='word_1_58' title='bbox 402 1258 509 1331; x_wconf 87' lang='lat' dir='ltr'><strong>solum</strong></span> <span class='ocrx_word' id='word_1_59' title='bbox 531 1259 621 1331; x_wconf 90' lang='lat' dir='ltr'><strong>aliud</strong></span> <span class='ocrx_word' id='word_1_60' title='bbox 639 1258 725 1330; x_wconf 83' lang='lat' dir='ltr'><strong>alio⁷</strong></span> <span class='ocrx_word' id='word_1_61' title='bbox 744 1274 908 1347; x_wconf 88' lang='lat' dir='ltr'><strong>mutetur,</strong></span> <span class='ocrx_word' id='word_1_62' title='bbox 927 1258 986 1329; x_wconf 85' lang='lat' dir='ltr'><strong>sed</strong></span> <span class='ocrx_word' id='word_1_63' title='bbox 1007 1260 1108 1329; x_wconf 89' lang='lat' dir='ltr'><strong>etiam</strong></span> <span class='ocrx_word' id='word_1_64' title='bbox 1126 1260 1161 1329; x_wconf 92' lang='lat' dir='ltr'><strong>in</strong></span> 
     </span>
     <span class='ocr_line' id='line_1_9' title="bbox 88 1352 1164 1463; baseline 0 -30"><span class='ocrx_word' id='word_1_65' title='bbox 88 1377 198 1433; x_wconf 82' lang='lat' dir='ltr'><strong>mmm</strong></span> <span class='ocrx_word' id='word_1_66' title='bbox 221 1363 401 1436; x_wconf 85' lang='lat' dir='ltr'><strong>auferatur.</strong></span> <span class='ocrx_word' id='word_1_67' title='bbox 428 1352 533 1462; x_wconf 80' lang='lat' dir='ltr'><strong>Apio⁸</strong></span> <span class='ocrx_word' id='word_1_68' title='bbox 552 1369 703 1437; x_wconf 82' lang='lat' dir='ltr'><strong>eximunt</strong></span> <span class='ocrx_word' id='word_1_69' title='bbox 722 1368 822 1463; x_wconf 91' lang='lat' dir='ltr'><strong>coqui</strong></span> <span class='ocrx_word' id='word_1_70' title='bbox 844 1365 992 1437; x_wconf 84' lang='lat' dir='ltr'><strong>obsoniis</strong></span> <span class='ocrx_word' id='word_1_71' title='bbox 1012 1379 1164 1435; x_wconf 84' lang='lat' dir='ltr'><strong>acetum:</strong></span> 
     </span>
     <span class='ocr_line' id='line_1_10' title="bbox 87 1468 1196 1568; baseline -0.002 -29"><span class='ocrx_word' id='word_1_72' title='bbox 87 1470 206 1539; x_wconf 86' lang='lat' dir='ltr'><strong>eodem</strong></span> <span class='ocrx_word' id='word_1_73' title='bbox 222 1468 348 1541; x_wconf 89' lang='lat' dir='ltr'><strong>cellarii</strong></span> <span class='ocrx_word' id='word_1_74' title='bbox 361 1476 397 1541; x_wconf 91' lang='lat' dir='ltr'><strong>in</strong></span> <span class='ocrx_word' id='word_1_75' title='bbox 410 1474 513 1545; x_wconf 90' lang='lat' dir='ltr'><strong>saccis</strong></span> <span class='ocrx_word' id='word_1_76' title='bbox 529 1472 668 1544; x_wconf 90' lang='lat' dir='ltr'><strong>odorem</strong></span> <span class='ocrx_word' id='word_1_77' title='bbox 686 1474 766 1543; x_wconf 86' lang='lat' dir='ltr'><strong>vino</strong></span> <span class='ocrx_word' id='word_1_78' title='bbox 780 1495 927 1568; x_wconf 82' lang='lat' dir='ltr'><strong>gravem.</strong></span> <span class='ocrx_word' id='word_1_79' title='bbox 939 1473 984 1541; x_wconf 85' lang='lat' dir='ltr'><strong>Et</strong></span> <span class='ocrx_word' id='word_1_80' title='bbox 997 1470 1160 1541; x_wconf 88' lang='lat' dir='ltr'><strong>hactenus</strong></span> <span class='ocrx_word' id='word_1_81' title='bbox 1179 1484 1196 1537; x_wconf 78' lang='lat'>3</span> 
     </span>
     <span class='ocr_line' id='line_1_11' title="bbox 87 1576 1249 1675; baseline 0.002 -30"><span class='ocrx_word' id='word_1_82' title='bbox 87 1576 260 1647; x_wconf 85' lang='lat' dir='ltr'><strong>hortensia</strong></span> <span class='ocrx_word' id='word_1_83' title='bbox 276 1577 366 1647; x_wconf 87' lang='lat' dir='ltr'><strong>dicta</strong></span> <span class='ocrx_word' id='word_1_84' title='bbox 382 1580 464 1663; x_wconf 88' lang='lat' dir='ltr'><strong>sint,</strong></span> <span class='ocrx_word' id='word_1_85' title='bbox 485 1579 638 1649; x_wconf 87' lang='lat' dir='ltr'><strong>ciborum</strong></span> <span class='ocrx_word' id='word_1_86' title='bbox 655 1580 761 1675; x_wconf 86' lang='lat' dir='ltr'><strong>gratia</strong></span> <span class='ocrx_word' id='word_1_87' title='bbox 778 1578 960 1648; x_wconf 76' lang='lat' dir='ltr'><strong>dumtaxat.</strong></span> <span class='ocrx_word' id='word_1_88' title='bbox 976 1578 1162 1647; x_wconf 82' lang='lat' dir='ltr'><strong>Maximum</strong></span> <span class='ocrx_word' id='word_1_89' title='bbox 1240 1662 1249 1669; x_wconf 38' lang='grc'><em>,</em></span> 
     </span>
     <span class='ocr_line' id='line_1_12' title="bbox 87 1682 1162 1783; baseline 0.003 -31"><span class='ocrx_word' id='word_1_90' title='bbox 87 1683 224 1777; x_wconf 91' lang='lat' dir='ltr'><strong>quidem</strong></span> <span class='ocrx_word' id='word_1_91' title='bbox 240 1708 326 1779; x_wconf 90' lang='lat' dir='ltr'><strong>opus</strong></span> <span class='ocrx_word' id='word_1_92' title='bbox 337 1685 372 1754; x_wconf 91' lang='lat' dir='ltr'><strong>iu</strong></span> <span class='ocrx_word' id='word_1_93' title='bbox 383 1684 499 1755; x_wconf 82' lang='lat' dir='ltr'><strong>iisdem</strong></span> <span class='ocrx_word' id='word_1_94' title='bbox 512 1700 639 1755; x_wconf 84' lang='lat' dir='ltr'><strong>naturae</strong></span> <span class='ocrx_word' id='word_1_95' title='bbox 654 1698 775 1774; x_wconf 87' lang='lat' dir='ltr'><strong>restat,</strong></span> <span class='ocrx_word' id='word_1_96' title='bbox 789 1682 968 1783; x_wconf 78' lang='lat' dir='ltr'><strong>quoniam⁹</strong></span> <span class='ocrx_word' id='word_1_97' title='bbox 978 1698 1162 1779; x_wconf 82' lang='lat' dir='ltr'><strong>proventus</strong></span> 
     </span>
     <span class='ocr_line' id='line_1_13' title="bbox 70 1790 1164 1887; baseline 0.006 -33"><span class='ocrx_word' id='word_1_98' title='bbox 70 1803 219 1859; x_wconf 62' lang='lat' dir='ltr'><strong>tantum</strong></span> <span class='ocrx_word' id='word_1_99' title='bbox 250 1790 379 1877; x_wconf 85' lang='lat' dir='ltr'><strong>adhuc,</strong></span> <span class='ocrx_word' id='word_1_100' title='bbox 400 1816 612 1887; x_wconf 81' lang='lat' dir='ltr'><strong>summasque</strong></span> <span class='ocrx_word' id='word_1_101' title='bbox 631 1790 793 1887; x_wconf 87' lang='lat' dir='ltr'><strong>quasdam</strong></span> <span class='ocrx_word' id='word_1_102' title='bbox 816 1791 1043 1863; x_wconf 68' lang='lat' dir='ltr'><strong>caraunus.</strong></span> <span class='ocrx_word' id='word_1_103' title='bbox 1072 1792 1164 1861; x_wconf 88' lang='lat' dir='ltr'><strong>Vera</strong></span> 
     </span>
     <span class='ocr_line' id='line_1_14' title="bbox 87 1897 1163 1991; baseline 0.002 -28"><span class='ocrx_word' id='word_1_104' title='bbox 87 1910 199 1967; x_wconf 73' lang='lat' dir='ltr'><strong>numm</strong></span> <span class='ocrx_word' id='word_1_105' title='bbox 218 1897 380 1991; x_wconf 84' lang='lat' dir='ltr'><strong>cujusque</strong></span> <span class='ocrx_word' id='word_1_106' title='bbox 403 1912 524 1969; x_wconf 81' lang='lat' dir='ltr'><strong>ustura</strong></span> <span class='ocrx_word' id='word_1_107' title='bbox 543 1922 612 1968; x_wconf 92' lang='lat' dir='ltr'><strong>non</strong></span> <span class='ocrx_word' id='word_1_108' title='bbox 631 1898 694 1967; x_wconf 90' lang='lat' dir='ltr'><strong>uisi</strong></span> <span class='ocrx_word' id='word_1_109' title='bbox 711 1898 844 1968; x_wconf 84' lang='lat' dir='ltr'><strong>medico</strong></span> <span class='ocrx_word' id='word_1_110' title='bbox 863 1897 988 1967; x_wconf 80' lang='lat' dir='ltr'><strong>effectu</strong></span> <span class='ocrx_word' id='word_1_111' title='bbox 1008 1898 1163 1990; x_wconf 91' lang='lat' dir='ltr'><strong>pernosci</strong></span> 
     </span>
     <span class='ocr_line' id='line_1_15' title="bbox 88 2001 1162 2099; baseline -0.002 -26"><span class='ocrx_word' id='word_1_112' title='bbox 88 2015 216 2095; x_wconf 82' lang='lat' dir='ltr'><strong>potest,</strong></span> <span class='ocrx_word' id='word_1_113' title='bbox 238 2027 324 2097; x_wconf 89' lang='lat' dir='ltr'><strong>opus</strong></span> <span class='ocrx_word' id='word_1_114' title='bbox 339 2004 456 2099; x_wconf 86' lang='lat' dir='ltr'><strong>ingens</strong></span> <span class='ocrx_word' id='word_1_115' title='bbox 472 2003 709 2099; x_wconf 88' lang='lat' dir='ltr'><strong>occultumque</strong></span> <span class='ocrx_word' id='word_1_116' title='bbox 725 2002 922 2091; x_wconf 82' lang='lat' dir='ltr'><strong>divinitatis,</strong></span> <span class='ocrx_word' id='word_1_117' title='bbox 942 2016 977 2073; x_wconf 88' lang='lat' dir='ltr'><strong>et</strong></span> <span class='ocrx_word' id='word_1_118' title='bbox 993 2026 1061 2097; x_wconf 92' lang='lat' dir='ltr'><strong>quo</strong></span> <span class='ocrx_word' id='word_1_119' title='bbox 1084 2001 1162 2071; x_wconf 91' lang='lat' dir='ltr'><strong>nul·</strong></span> 
     </span>
     <span class='ocr_line' id='line_1_16' title="bbox 87 2105 1160 2205; baseline 0.002 -30"><span class='ocrx_word' id='word_1_120' title='bbox 87 2105 155 2178; x_wconf 94' lang='lat' dir='ltr'><strong>lum</strong></span> <span class='ocrx_word' id='word_1_121' title='bbox 176 2110 317 2205; x_wconf 87' lang='lat' dir='ltr'><strong>reperiri</strong></span> <span class='ocrx_word' id='word_1_122' title='bbox 337 2111 441 2204; x_wconf 83' lang='lat' dir='ltr'><strong>possit</strong></span> <span class='ocrx_word' id='word_1_123' title='bbox 458 2111 575 2203; x_wconf 89' lang='lat' dir='ltr'><strong>majus.</strong></span> <span class='ocrx_word' id='word_1_124' title='bbox 598 2112 651 2181; x_wconf 87' lang='lat' dir='ltr'><strong>Ne</strong></span> <span class='ocrx_word' id='word_1_125' title='bbox 670 2110 808 2205; x_wconf 83' lang='lat' dir='ltr'><strong>singulis</strong></span> <span class='ocrx_word' id='word_1_126' title='bbox 830 2110 864 2181; x_wconf 91' lang='lat' dir='ltr'><strong>id</strong></span> <span class='ocrx_word' id='word_1_127' title='bbox 885 2108 987 2179; x_wconf 82' lang='lat' dir='ltr'><strong>rebus</strong></span> <span class='ocrx_word' id='word_1_128' title='bbox 1005 2122 1160 2177; x_wconf 84' lang='lat' dir='ltr'><strong>contexe·</strong></span> 
     </span>
     <span class='ocr_line' id='line_1_17' title="bbox 87 2212 1161 2312; baseline 0.002 -29"><span class='ocrx_word' id='word_1_129' title='bbox 87 2239 217 2301; x_wconf 84' lang='lat' dir='ltr'><strong>remus,</strong></span> <span class='ocrx_word' id='word_1_130' title='bbox 232 2215 322 2309; x_wconf 85' lang='lat' dir='ltr'><strong>justa</strong></span> <span class='ocrx_word' id='word_1_131' title='bbox 339 2214 417 2285; x_wconf 86' lang='lat' dir='ltr'><strong>fecit</strong></span> <span class='ocrx_word' id='word_1_132' title='bbox 434 2219 534 2303; x_wconf 90' lang='lat' dir='ltr'><strong>ratio,</strong></span> <span class='ocrx_word' id='word_1_133' title='bbox 553 2242 657 2312; x_wconf 90' lang='lat' dir='ltr'><strong>quum</strong></span> <span class='ocrx_word' id='word_1_134' title='bbox 673 2216 716 2287; x_wconf 89' lang='lat' dir='ltr'><strong>ad</strong></span> <span class='ocrx_word' id='word_1_135' title='bbox 734 2216 817 2289; x_wconf 90' lang='lat' dir='ltr'><strong>alios</strong></span> <span class='ocrx_word' id='word_1_136' title='bbox 833 2212 986 2289; x_wconf 87' lang='lat' dir='ltr'><strong>medendi</strong></span> <span class='ocrx_word' id='word_1_137' title='bbox 1000 2214 1161 2285; x_wconf 88' lang='lat' dir='ltr'><strong>desideria</strong></span> 
     </span>
     <span class='ocr_line' id='line_1_18' title="bbox 87 2318 1163 2417; baseline -0.003 -26"><span class='ocrx_word' id='word_1_138' title='bbox 87 2322 317 2415; x_wconf 84' lang='lat' dir='ltr'><strong>pertinerent:</strong></span> <span class='ocrx_word' id='word_1_139' title='bbox 339 2318 445 2417; x_wconf 84' lang='lat' dir='ltr'><strong>longis</strong></span> <span class='ocrx_word' id='word_1_140' title='bbox 465 2325 638 2417; x_wconf 85' lang='lat' dir='ltr'><strong>utriusque</strong></span> <span class='ocrx_word' id='word_1_141' title='bbox 659 2322 874 2395; x_wconf 88' lang='lat' dir='ltr'><strong>dilationibus</strong></span> <span class='ocrx_word' id='word_1_142' title='bbox 892 2320 1034 2409; x_wconf 83' lang='lat' dir='ltr'><strong>futuris,</strong></span> <span class='ocrx_word' id='word_1_143' title='bbox 1051 2322 1080 2391; x_wconf 87' lang='lat' dir='ltr'><strong>si</strong></span> <span class='ocrx_word' id='word_1_144' title='bbox 1098 2323 1163 2389; x_wconf 90' lang='lat' dir='ltr'><strong>mi·</strong></span> 
     </span>
     <span class='ocr_line' id='line_1_19' title="bbox 87 2426 1162 2525; baseline -0.004 -26"><span class='ocrx_word' id='word_1_145' title='bbox 87 2428 409 2499; x_wconf 83' lang='lat' dir='ltr'><strong>scuissemus.liuac</strong></span> <span class='ocrx_word' id='word_1_146' title='bbox 428 2430 495 2500; x_wconf 91' lang='lat' dir='ltr'><strong>suis</strong></span> <span class='ocrx_word' id='word_1_147' title='bbox 511 2454 651 2525; x_wconf 80' lang='lat' dir='ltr'><strong>quiaque</strong></span> <span class='ocrx_word' id='word_1_148' title='bbox 665 2429 816 2524; x_wconf 82' lang='lat' dir='ltr'><strong>partibus</strong></span> <span class='ocrx_word' id='word_1_149' title='bbox 833 2426 1054 2515; x_wconf 86' lang='lat' dir='ltr'><strong>constabunt,</strong></span> <span class='ocrx_word' id='word_1_150' title='bbox 1066 2440 1162 2521; x_wconf 87' lang='lat' dir='ltr'><strong>pote-</strong></span> 
     </span>
     <span class='ocr_line' id='line_1_20' title="bbox 87 2533 604 2631; baseline 0.004 -28"><span class='ocrx_word' id='word_1_151' title='bbox 87 2548 235 2629; x_wconf 87' lang='lat' dir='ltr'><strong>nrutque</strong></span> <span class='ocrx_word' id='word_1_152' title='bbox 251 2556 275 2603; x_wconf 90' lang='lat' dir='ltr'><strong>a</strong></span> <span class='ocrx_word' id='word_1_153' title='bbox 293 2533 482 2605; x_wconf 84' lang='lat' dir='ltr'><strong>volentibus</strong></span> <span class='ocrx_word' id='word_1_154' title='bbox 499 2536 604 2631; x_wconf 84' lang='lat' dir='ltr'><strong>jungi.</strong></span> 
     </span>
     <span class='ocr_line' id='line_1_21' title="bbox 87 2698 1162 2771; baseline -0.002 -18"><span class='ocrx_word' id='word_1_155' title='bbox 87 2717 166 2771; x_wconf 76' lang='lat' dir='ltr'><strong>quum</strong></span> <span class='ocrx_word' id='word_1_156' title='bbox 178 2699 361 2755; x_wconf 82' lang='lat' dir='ltr'><strong>rosmarinum</strong></span> <span class='ocrx_word' id='word_1_157' title='bbox 371 2700 487 2755; x_wconf 76' lang='lat' dir='ltr'><strong>Romani</strong></span> <span class='ocrx_word' id='word_1_158' title='bbox 497 2714 604 2770; x_wconf 73' lang='lat' dir='ltr'><strong>vomat,</strong></span> <span class='ocrx_word' id='word_1_159' title='bbox 646 2702 731 2755; x_wconf 14' lang='lat' dir='ltr'><strong>mrsu</strong></span> <span class='ocrx_word' id='word_1_160' title='bbox 742 2718 850 2755; x_wconf 72' lang='lat' dir='ltr'><strong>sunum</strong></span> <span class='ocrx_word' id='word_1_161' title='bbox 859 2699 976 2767; x_wconf 84' lang='lat' dir='ltr'><strong>Plinius,</strong></span> <span class='ocrx_word' id='word_1_162' title='bbox 985 2698 1034 2753; x_wconf 77' lang='lat' dir='ltr'><strong>lili.</strong></span> <span class='ocrx_word' id='word_1_163' title='bbox 1044 2698 1162 2763; x_wconf 79' lang='lat' dir='ltr'><strong>xxvii,</strong></span> 
     </span>
     <span class='ocr_line' id='line_1_22' title="bbox 87 2777 1163 2852; baseline 0 -19"><span class='ocrx_word' id='word_1_164' title='bbox 87 2778 599 2851; x_wconf 78' lang='lat' dir='ltr'><strong>qusutonturiiquicorouasuectuut.»</strong></span> <span class='ocrx_word' id='word_1_165' title='bbox 645 2798 706 2852; x_wconf 76' lang='lat' dir='ltr'><strong>cop.</strong></span> <span class='ocrx_word' id='word_1_166' title='bbox 724 2798 788 2850; x_wconf 68' lang='lat' dir='ltr'><strong>too.</strong></span> <span class='ocrx_word' id='word_1_167' title='bbox 809 2778 916 2835; x_wconf 69' lang='lat' dir='ltr'><strong>ardicis</strong></span> <span class='ocrx_word' id='word_1_168' title='bbox 935 2806 947 2829; x_wconf 82' lang='grc' dir='ltr'>ι</span> <span class='ocrx_word' id='word_1_169' title='bbox 961 2777 1031 2834; x_wconf 82' lang='lat' dir='ltr'><strong>odor</strong></span> <span class='ocrx_word' id='word_1_170' title='bbox 1044 2778 1163 2849; x_wconf 69' lang='lat' dir='ltr'><strong>myrrho</strong></span> 
     </span>
     <span class='ocr_line' id='line_1_23' title="bbox 86 2856 1159 2932; baseline -0.004 -17"><span class='ocrx_word' id='word_1_171' title='bbox 86 2858 132 2915; x_wconf 84' lang='lat' dir='ltr'><strong>Est</strong></span> <span class='ocrx_word' id='word_1_172' title='bbox 151 2858 232 2915; x_wconf 79' lang='lat' dir='ltr'><strong>seseli</strong></span> <span class='ocrx_word' id='word_1_173' title='bbox 244 2858 427 2932; x_wconf 72' lang='lat' dir='ltr'><strong>Ethiopicum</strong></span> <span class='ocrx_word' id='word_1_174' title='bbox 450 2860 534 2914; x_wconf 85' lang='lat' dir='ltr'><strong>herba</strong></span> <span class='ocrx_word' id='word_1_175' title='bbox 546 2862 603 2915; x_wconf 88' lang='lat' dir='ltr'><strong>Do·</strong></span> <span class='ocrx_word' id='word_1_176' title='bbox 643 2860 725 2917; x_wconf 80' lang='lat' dir='ltr'><strong>habet</strong></span> <span class='ocrx_word' id='word_1_177' title='bbox 734 2860 905 2931; x_wconf 72' lang='lat' dir='ltr'><strong>qualitatem:</strong></span> <span class='ocrx_word' id='word_1_178' title='bbox 916 2856 990 2913; x_wconf 85' lang='lat' dir='ltr'><strong>uude</strong></span> <span class='ocrx_word' id='word_1_179' title='bbox 998 2871 1159 2913; x_wconf 64' lang='lat' dir='ltr'><strong>unomen.-</strong></span> 
     </span>
     <span class='ocr_line' id='line_1_24' title="bbox 86 2935 1162 3009; baseline 0 -18"><span class='ocrx_word' id='word_1_180' title='bbox 86 2935 191 3007; x_wconf 72' lang='lat' dir='ltr'><strong>douai,</strong></span> <span class='ocrx_word' id='word_1_181' title='bbox 204 2958 234 3009; x_wconf 89' lang='lat' dir='ltr'><strong>p.</strong></span> <span class='ocrx_word' id='word_1_182' title='bbox 256 2938 328 3005; x_wconf 70' lang='grc' dir='ltr'><strong>διο,</strong></span> <span class='ocrx_word' id='word_1_183' title='bbox 347 2958 403 2993; x_wconf 87' lang='lat' dir='ltr'><strong>non</strong></span> <span class='ocrx_word' id='word_1_184' title='bbox 423 2941 602 2997; x_wconf 87' lang='lat' dir='ltr'><strong>rosmarinum</strong></span> <span class='ocrx_word' id='word_1_185' title='bbox 644 2941 739 2995; x_wconf 84' lang='lat' dir='ltr'><strong>Galen.</strong></span> <span class='ocrx_word' id='word_1_186' title='bbox 752 2938 788 2993; x_wconf 87' lang='lat' dir='ltr'><strong>de</strong></span> <span class='ocrx_word' id='word_1_187' title='bbox 801 2938 875 2993; x_wconf 83' lang='lat' dir='ltr'><strong>alim.</strong></span> <span class='ocrx_word' id='word_1_188' title='bbox 887 2940 949 2993; x_wconf 82' lang='lat' dir='ltr'><strong>Fac.</strong></span> <span class='ocrx_word' id='word_1_189' title='bbox 970 2938 1162 3009; x_wconf 84' lang='lat' dir='ltr'><strong>tom.11‚csp.</strong></span> 
     </span>
     <span class='ocr_line' id='line_1_25' title="bbox 86 3016 1163 3092; baseline -0.002 -21"><span class='ocrx_word' id='word_1_190' title='bbox 86 3016 214 3073; x_wconf 71' lang='lat' dir='ltr'><strong>laumense</strong></span> <span class='ocrx_word' id='word_1_191' title='bbox 227 3029 363 3083; x_wconf 87' lang='lat' dir='ltr'><strong>nostrum,</strong></span> <span class='ocrx_word' id='word_1_192' title='bbox 381 3016 455 3091; x_wconf 92' lang='lat' dir='ltr'><strong>quod</strong></span> <span class='ocrx_word' id='word_1_193' title='bbox 468 3018 547 3091; x_wconf 74' lang='lat' dir='ltr'><strong>vulgo</strong></span> <span class='ocrx_word' id='word_1_194' title='bbox 561 3040 602 3073; x_wconf 84' lang='lat' dir='ltr'><strong>ro·</strong></span> <span class='ocrx_word' id='word_1_195' title='bbox 646 3020 699 3084; x_wconf 74' lang='lat'><strong>52,</strong></span> <span class='ocrx_word' id='word_1_196' title='bbox 714 3039 742 3092; x_wconf 88' lang='lat' dir='ltr'><strong>p.</strong></span> <span class='ocrx_word' id='word_1_197' title='bbox 757 3019 829 3084; x_wconf 78' lang='lat'>363,</span> <span class='ocrx_word' id='word_1_198' title='bbox 842 3021 871 3073; x_wconf 80' lang='lat' dir='ltr'><strong>sl</strong></span> <span class='ocrx_word' id='word_1_199' title='bbox 880 3021 993 3090; x_wconf 68' lang='lat' dir='ltr'><strong>opiparas</strong></span> <span class='ocrx_word' id='word_1_200' title='bbox 1006 3018 1059 3082; x_wconf 86' lang='lat' dir='ltr'><strong>uit,</strong></span> <span class='ocrx_word' id='word_1_201' title='bbox 1070 3018 1163 3090; x_wconf 71' lang='lat' dir='ltr'><strong>Rome</strong></span> 
     </span>
     <span class='ocr_line' id='line_1_26' title="bbox 86 3096 1162 3169; baseline -0.002 -18"><span class='ocrx_word' id='word_1_202' title='bbox 86 3102 165 3151; x_wconf 76' lang='lat' dir='ltr'><strong>mila</strong></span> <span class='ocrx_word' id='word_1_203' title='bbox 182 3097 355 3169; x_wconf 78' lang='lat' dir='ltr'><strong>appellamus.</strong></span> <span class='ocrx_word' id='word_1_204' title='bbox 371 3096 557 3153; x_wconf 86' lang='lat' dir='ltr'><strong>Libanotidem</strong></span> <span class='ocrx_word' id='word_1_205' title='bbox 572 3100 601 3153; x_wconf 88' lang='lat' dir='ltr'><strong>iu</strong></span> <span class='ocrx_word' id='word_1_206' title='bbox 643 3100 759 3154; x_wconf 76' lang='lat' dir='ltr'><strong>maxime</strong></span> <span class='ocrx_word' id='word_1_207' title='bbox 776 3098 853 3169; x_wconf 80' lang='lat' dir='ltr'><strong>copia</strong></span> <span class='ocrx_word' id='word_1_208' title='bbox 872 3096 996 3165; x_wconf 78' lang='lat' dir='ltr'><strong>distrahi,</strong></span> <span class='ocrx_word' id='word_1_209' title='bbox 1017 3108 1044 3152; x_wconf 85' lang='lat' dir='ltr'><strong>ct</strong></span> <span class='ocrx_word' id='word_1_210' title='bbox 1062 3096 1162 3149; x_wconf 77' lang='lat' dir='ltr'><strong>hahere</strong></span> 
     </span>
     <span class='ocr_line' id='line_1_27' title="bbox 87 3174 1161 3253; baseline -0.003 -22"><span class='ocrx_word' id='word_1_211' title='bbox 87 3176 174 3232; x_wconf 82' lang='lat' dir='ltr'><strong>llorto</strong></span> <span class='ocrx_word' id='word_1_212' title='bbox 183 3177 269 3249; x_wconf 72' lang='lat' dir='ltr'><strong>Regio</strong></span> <span class='ocrx_word' id='word_1_213' title='bbox 283 3174 409 3232; x_wconf 78' lang='lat' dir='ltr'><strong>vidimus.</strong></span> <span class='ocrx_word' id='word_1_214' title='bbox 422 3178 511 3232; x_wconf 83' lang='lat' dir='ltr'><strong>llsnn.</strong></span> <span class='ocrx_word' id='word_1_215' title='bbox 642 3176 772 3253; x_wconf 81' lang='lat' dir='ltr'><strong>quiddam</strong></span> <span class='ocrx_word' id='word_1_216' title='bbox 792 3178 989 3242; x_wconf 83' lang='lat' dir='ltr'><strong>aromaticum,</strong></span> <span class='ocrx_word' id='word_1_217' title='bbox 1008 3176 1051 3231; x_wconf 79' lang='lat' dir='ltr'><strong>isai</strong></span> <span class='ocrx_word' id='word_1_218' title='bbox 1071 3196 1096 3229; x_wconf 79' lang='lat' dir='ltr'><strong>ss</strong></span> <span class='ocrx_word' id='word_1_219' title='bbox 1118 3174 1161 3228; x_wconf 77' lang='lat' dir='ltr'><strong>sal</strong></span> 
     </span>
     <span class='ocr_line' id='line_1_28' title="bbox 125 3254 995 3333; baseline -0.002 -20"><span class='ocrx_word' id='word_1_220' title='bbox 125 3257 154 3313; x_wconf 75' lang='lat'><strong>5.</strong></span> <span class='ocrx_word' id='word_1_221' title='bbox 167 3256 371 3311; x_wconf 71' lang='lat' dir='ltr'><strong>deimhadet</strong></span> <span class='ocrx_word' id='word_1_222' title='bbox 385 3258 460 3311; x_wconf 81' lang='lat' dir='ltr'><strong>Foris</strong></span> <span class='ocrx_word' id='word_1_223' title='bbox 472 3256 603 3329; x_wconf 73' lang='lat' dir='ltr'><strong>nigrican-</strong></span> <span class='ocrx_word' id='word_1_224' title='bbox 644 3254 814 3333; x_wconf 66' lang='lat' dir='ltr'><strong>tpspsrhdse</strong></span> <span class='ocrx_word' id='word_1_225' title='bbox 828 3260 888 3325; x_wconf 69' lang='grc' dir='ltr'><strong>[χιι.</strong></span> <span class='ocrx_word' id='word_1_226' title='bbox 904 3257 995 3311; x_wconf 75' lang='lat' dir='ltr'><strong>liano.</strong></span> 
     </span>
     <span class='ocr_line' id='line_1_29' title="bbox 86 3334 1160 3409; baseline -0.002 -18"><span class='ocrx_word' id='word_1_227' title='bbox 86 3338 241 3402; x_wconf 56' lang='lat' dir='ltr'><strong>tendutur</strong></span> <span class='ocrx_word' id='word_1_228' title='bbox 252 3335 602 3404; x_wconf 81' lang='lat' dir='ltr'><strong>osndidsm‚l)iosoorldes‚</strong></span> <span class='ocrx_word' id='word_1_229' title='bbox 684 3356 711 3409; x_wconf 91' lang='lat'><strong>7.</strong></span> <span class='ocrx_word' id='word_1_230' title='bbox 732 3336 816 3391; x_wconf 77' lang='lat' dir='ltr'><strong>Aliud</strong></span> <span class='ocrx_word' id='word_1_231' title='bbox 835 3337 892 3390; x_wconf 73' lang='lat' dir='ltr'><strong>also.</strong></span> <span class='ocrx_word' id='word_1_232' title='bbox 914 3337 991 3390; x_wconf 77' lang='lat' dir='ltr'><strong>Alias</strong></span> <span class='ocrx_word' id='word_1_233' title='bbox 1010 3352 1090 3407; x_wconf 84' lang='lat' dir='ltr'><strong>sapor</strong></span> <span class='ocrx_word' id='word_1_234' title='bbox 1106 3334 1160 3389; x_wconf 76' lang='lat' dir='ltr'><strong>ello</strong></span> 
     </span>
     <span class='ocr_line' id='line_1_30' title="bbox 85 3408 874 3487; baseline -0.004 -15"><span class='ocrx_word' id='word_1_235' title='bbox 85 3414 132 3472; x_wconf 80' lang='lat' dir='ltr'><strong>lili.</strong></span> <span class='ocrx_word' id='word_1_236' title='bbox 148 3418 216 3481; x_wconf 86' lang='lat' dir='ltr'><strong>m,</strong></span> <span class='ocrx_word' id='word_1_237' title='bbox 232 3434 290 3487; x_wconf 85' lang='lat' dir='ltr'><strong>esp.</strong></span> <span class='ocrx_word' id='word_1_238' title='bbox 309 3420 346 3487; x_wconf 79' lang='lat'><strong>87</strong></span> <span class='ocrx_word' id='word_1_239' title='bbox 364 3436 371 3471; x_wconf 89' lang='lat'>:</span> <span class='ocrx_word' id='word_1_240' title='bbox 388 3408 449 3480; x_wconf 62' lang='grc' dir='ltr'><strong>ῥίζα</strong></span> <span class='ocrx_word' id='word_1_241' title='bbox 467 3417 511 3471; x_wconf 78' lang='lat' dir='ltr'><strong>sal</strong></span> <span class='ocrx_word' id='word_1_242' title='bbox 527 3418 601 3475; x_wconf 71' lang='grc' dir='ltr'><strong>λωιὴ</strong></span> <span class='ocrx_word' id='word_1_243' title='bbox 642 3418 769 3473; x_wconf 77' lang='lat' dir='ltr'><strong>uincitur.</strong></span> <span class='ocrx_word' id='word_1_244' title='bbox 780 3418 874 3471; x_wconf 76' lang='lat' dir='ltr'><strong>Hero.</strong></span> 
     </span>
     <span class='ocr_line' id='line_1_31' title="bbox 86 3493 1161 3571; baseline -0.004 -21"><span class='ocrx_word' id='word_1_245' title='bbox 86 3497 336 3569; x_wconf 50' lang='lat' dir='ltr'><strong>immediatae</strong></span> <span class='ocrx_word' id='word_1_246' title='bbox 349 3494 461 3553; x_wconf 62' lang='lat' dir='ltr'><strong>utho.</strong></span> <span class='ocrx_word' id='word_1_247' title='bbox 473 3498 602 3571; x_wconf 85' lang='lat' dir='ltr'><strong>Etpsulo</strong></span> <span class='ocrx_word' id='word_1_248' title='bbox 685 3502 712 3555; x_wconf 81' lang='lat'><strong>8.</strong></span> <span class='ocrx_word' id='word_1_249' title='bbox 726 3498 803 3568; x_wconf 65' lang='lat' dir='ltr'><strong>Apta</strong></span> <span class='ocrx_word' id='word_1_250' title='bbox 822 3496 895 3567; x_wconf 75' lang='lat' dir='ltr'><strong>Apio</strong></span> <span class='ocrx_word' id='word_1_251' title='bbox 915 3494 1064 3552; x_wconf 59' lang='lat' dir='ltr'><strong>ahmin</strong></span> <span class='ocrx_word' id='word_1_252' title='bbox 1079 3493 1161 3547; x_wconf 82' lang='lat' dir='ltr'><strong>olsso·</strong></span> 
     </span>
     <span class='ocr_line' id='line_1_32' title="bbox 86 3574 1120 3649; baseline -0.003 -18"><span class='ocrx_word' id='word_1_253' title='bbox 86 3588 169 3643; x_wconf 81' lang='lat' dir='ltr'><strong>sate,</strong></span> <span class='ocrx_word' id='word_1_254' title='bbox 197 3594 281 3647; x_wconf 70' lang='lat' dir='ltr'><strong>genus</strong></span> <span class='ocrx_word' id='word_1_255' title='bbox 303 3576 459 3633; x_wconf 75' lang='lat' dir='ltr'><strong>libanotidis</strong></span> <span class='ocrx_word' id='word_1_256' title='bbox 488 3577 601 3633; x_wconf 69' lang='lat' dir='ltr'><strong>cherum</strong></span> <span class='ocrx_word' id='word_1_257' title='bbox 643 3576 696 3635; x_wconf 87' lang='lat' dir='ltr'><strong>uiis</strong></span> <span class='ocrx_word' id='word_1_258' title='bbox 704 3578 786 3649; x_wconf 82' lang='lat' dir='ltr'><strong>coqui</strong></span> <span class='ocrx_word' id='word_1_259' title='bbox 798 3574 1120 3647; x_wconf 63' lang='lat' dir='ltr'><strong>mmmcmavtntt.</strong></span> 
     </span>
     <span class='ocr_line' id='line_1_33' title="bbox 84 3652 1160 3729; baseline 0.001 -20"><span class='ocrx_word' id='word_1_260' title='bbox 84 3656 221 3728; x_wconf 68' lang='lat' dir='ltr'><strong>agnoscit,</strong></span> <span class='ocrx_word' id='word_1_261' title='bbox 234 3652 310 3729; x_wconf 84' lang='lat' dir='ltr'><strong>quod</strong></span> <span class='ocrx_word' id='word_1_262' title='bbox 320 3654 435 3713; x_wconf 80' lang='lat' dir='ltr'><strong>radicem</strong></span> <span class='ocrx_word' id='word_1_263' title='bbox 446 3658 559 3725; x_wconf 80' lang='lat' dir='ltr'><strong>haheat,</strong></span> <span class='ocrx_word' id='word_1_264' title='bbox 570 3660 603 3729; x_wconf 82' lang='lat' dir='ltr'><strong>pl·</strong></span> <span class='ocrx_word' id='word_1_265' title='bbox 684 3678 712 3729; x_wconf 81' lang='lat'><strong>9.</strong></span> <span class='ocrx_word' id='word_1_266' title='bbox 723 3658 847 3729; x_wconf 71' lang='lat' dir='ltr'><strong>Quonim</strong></span> <span class='ocrx_word' id='word_1_267' title='bbox 854 3668 983 3729; x_wconf 73' lang='lat' dir='ltr'><strong>prorsum</strong></span> <span class='ocrx_word' id='word_1_268' title='bbox 994 3664 1160 3718; x_wconf 61' lang='lat' dir='ltr'><strong>testemte-</strong></span> 
     </span>
     <span class='ocr_line' id='line_1_34' title="bbox 86 3732 1160 3809; baseline -0.002 -20"><span class='ocrx_word' id='word_1_269' title='bbox 86 3736 140 3801; x_wconf 71' lang='grc' dir='ltr'><strong>ζαν,</strong></span> <span class='ocrx_word' id='word_1_270' title='bbox 153 3738 183 3791; x_wconf 73' lang='lat' dir='ltr'><strong>tx</strong></span> <span class='ocrx_word' id='word_1_271' title='bbox 196 3734 241 3807; x_wconf 79' lang='lat' dir='ltr'><strong>pir</strong></span> <span class='ocrx_word' id='word_1_272' title='bbox 256 3741 298 3789; x_wconf 74' lang='grc' dir='ltr'><strong>τοῦ</strong></span> <span class='ocrx_word' id='word_1_273' title='bbox 312 3738 380 3799; x_wconf 69' lang='lat' dir='ltr'><strong>lusis</strong></span> <span class='ocrx_word' id='word_1_274' title='bbox 394 3740 527 3805; x_wconf 66' lang='grc' dir='ltr'><strong>μέλαιναν·</strong></span> <span class='ocrx_word' id='word_1_275' title='bbox 542 3743 601 3791; x_wconf 75' lang='lat' dir='ltr'><strong>lliu-</strong></span> <span class='ocrx_word' id='word_1_276' title='bbox 643 3736 779 3805; x_wconf 81' lang='lat' dir='ltr'><strong>Quoniam</strong></span> <span class='ocrx_word' id='word_1_277' title='bbox 794 3737 836 3793; x_wconf 90' lang='lat' dir='ltr'><strong>uti</strong></span> <span class='ocrx_word' id='word_1_278' title='bbox 852 3754 966 3809; x_wconf 72' lang='lat' dir='ltr'><strong>qumque</strong></span> <span class='ocrx_word' id='word_1_279' title='bbox 984 3732 1160 3809; x_wconf 78' lang='lat' dir='ltr'><strong>proveniant,</strong></span> 
     </span>
     <span class='ocr_line' id='line_1_35' title="bbox 86 3810 1162 3888; baseline 0.003 -19"><span class='ocrx_word' id='word_1_280' title='bbox 86 3810 227 3870; x_wconf 69' lang='grc' dir='ltr'><strong>οθιῐσανδὶ</strong></span> <span class='ocrx_word' id='word_1_281' title='bbox 240 3816 337 3873; x_wconf 63' lang='lat' dir='ltr'><strong>masis.</strong></span> <span class='ocrx_word' id='word_1_282' title='bbox 351 3814 442 3870; x_wconf 78' lang='lat' dir='ltr'><strong>Hasn.</strong></span> <span class='ocrx_word' id='word_1_283' title='bbox 644 3816 845 3888; x_wconf 74' lang='lat' dir='ltr'><strong>explicuimus:</strong></span> <span class='ocrx_word' id='word_1_284' title='bbox 871 3833 903 3870; x_wconf 89' lang='lat' dir='ltr'><strong>ac</strong></span> <span class='ocrx_word' id='word_1_285' title='bbox 931 3814 966 3869; x_wconf 85' lang='lat' dir='ltr'><strong>dc</strong></span> <span class='ocrx_word' id='word_1_286' title='bbox 993 3812 1162 3887; x_wconf 71' lang='lat' dir='ltr'><strong>singulorum</strong></span> 
     </span>
    </p>
   </div>
   <div class='ocr_carea' id='block_1_3' title="bbox 87 3892 1162 4047">
    <p class='ocr_par' dir='ltr' id='par_1_3' title="bbox 87 3892 1162 4047">
     <span class='ocr_line' id='line_1_36' title="bbox 126 3892 1162 3969; baseline -0.003 -19"><span class='ocrx_word' id='word_1_287' title='bbox 126 3899 157 3950; x_wconf 88' lang='lat'><strong>6.</strong></span> <span class='ocrx_word' id='word_1_288' title='bbox 173 3896 212 3948; x_wconf 84' lang='lat' dir='ltr'><strong>Et</strong></span> <span class='ocrx_word' id='word_1_289' title='bbox 223 3899 361 3968; x_wconf 74' lang='lat' dir='ltr'><strong>smyrnium.</strong></span> <span class='ocrx_word' id='word_1_290' title='bbox 376 3894 448 3949; x_wconf 85' lang='lat' dir='ltr'><strong>lllud</strong></span> <span class='ocrx_word' id='word_1_291' title='bbox 464 3896 603 3962; x_wconf 81' lang='lat' dir='ltr'><strong>nimirum,</strong></span> <span class='ocrx_word' id='word_1_292' title='bbox 644 3908 737 3950; x_wconf 80' lang='lat' dir='ltr'><strong>ustura</strong></span> <span class='ocrx_word' id='word_1_293' title='bbox 747 3896 899 3950; x_wconf 80' lang='lat' dir='ltr'><strong>summatim</strong></span> <span class='ocrx_word' id='word_1_294' title='bbox 907 3914 938 3950; x_wconf 83' lang='lat' dir='ltr'><strong>ac</strong></span> <span class='ocrx_word' id='word_1_295' title='bbox 950 3892 1097 3969; x_wconf 68' lang='lat' dir='ltr'><strong>penmatim</strong></span> <span class='ocrx_word' id='word_1_296' title='bbox 1110 3906 1162 3947; x_wconf 61' lang='lat' dir='ltr'><strong>trae</strong></span> 
     </span>
     <span class='ocr_line' id='line_1_37' title="bbox 87 3973 893 4047; baseline -0.001 -18"><span class='ocrx_word' id='word_1_297' title='bbox 87 3973 118 4029; x_wconf 87' lang='lat' dir='ltr'><strong>de</strong></span> <span class='ocrx_word' id='word_1_298' title='bbox 130 3974 320 4047; x_wconf 82' lang='lat' dir='ltr'><strong>quosupsrius</strong></span> <span class='ocrx_word' id='word_1_299' title='bbox 332 3974 433 4031; x_wconf 85' lang='lat' dir='ltr'><strong>dietum</strong></span> <span class='ocrx_word' id='word_1_300' title='bbox 448 3988 498 4043; x_wconf 85' lang='lat' dir='ltr'><strong>est,</strong></span> <span class='ocrx_word' id='word_1_301' title='bbox 515 3994 539 4031; x_wconf 87' lang='lat' dir='ltr'><strong>c.</strong></span> <span class='ocrx_word' id='word_1_302' title='bbox 555 3978 601 4041; x_wconf 72' lang='grc'><strong>48.</strong></span> <span class='ocrx_word' id='word_1_303' title='bbox 645 3976 786 4031; x_wconf 83' lang='lat' dir='ltr'><strong>ctarimus.</strong></span> <span class='ocrx_word' id='word_1_304' title='bbox 802 3976 893 4041; x_wconf 72' lang='lat' dir='ltr'><strong>fluo.</strong></span> 
     </span>
    </p>
   </div>
   <div class='ocr_carea' id='block_1_4' title="bbox 399 4125 847 4157">
    <p class='ocr_par' dir='ltr' id='par_1_4' title="bbox 399 4125 847 4157">
     <span class='ocr_line' id='line_1_38' title="bbox 399 4125 847 4157; baseline -0.002 -6"><span class='ocrx_word' id='word_1_305' title='bbox 399 4125 847 4157; x_wconf 58' lang='grc' dir='ltr'><strong>α--ᾡ-ω</strong></span> 
     </span>
    </p>
   </div>
   <div class='ocr_carea' id='block_1_5' title="bbox 0 0 1468 5009">
    <p class='ocr_par' dir='ltr' id='par_1_5' title="bbox 0 0 1468 5009">
     <span class='ocr_line' id='line_1_39' title="bbox 0 0 1468 5009; baseline 0 0"><span class='ocrx_word' id='word_1_306' title='bbox 0 0 1468 5009; x_wconf 95' lang='lat' dir='ltr'><strong> </strong></span> 
     </span>
    </p>
   </div>
  </div>
 </body>
</html>
