2925 5009
449 455 609 524 LIBER
633 457 756 525 XVII.
1071 459 1138 554 ¹49

87 597 114 652 et
123 583 272 654 arborum
291 600 342 655 est
347 587 510 719 ,quando
523 587 655 658 earum’
674 613 809 685 quoque
826 588 1037 658 terebrantur
1053 615 1137 661 ossa.

70 689 258 785 'lmygdalae
268 715 308 760 er
326 696 449 762 amaris
455 679 599 764 ³dulces
614 693 716 778 liunt,
734 721 760 763 u
753 694 994 766 circumfosso
1010 698 1137 793 stipite,

85 809 113 864 et
130 795 197 864 ab
188 821 250 865 rma
269 813 365 936 parte
384 799 621 871 circumforato
637 801 787 872 defluens
809 803 927 897 pituita
946 803 1138 898 abstergea-

86 917 139 969 tur.
156 905 197 971 Et
217 891 339 974 ιιΙιιιίι»4
368 905 556 976 detrahitur
582 931 700 978 succus
718 907 864 995 inutilis,
888 933 990 1003 supra
1016 925 1138 980 terram

86 1008 185 1078 iuratis
200 1011 361 1104 usquead
377 1011 580 1082 medullam
571 1038 606 1082 m
622 1029 771 1102 senecta,
789 1029 849 1084 aut
862 1039 966 1109 quum
980 1013 1139 1086 alimento

86 1139 173 1182 mmm
183 1114 354 1186 abundare
365 1121 563 1188 sentiuntur.
578 1118 714 1190 Idemet
721 1119 861 1190 ficorum
874 1120 1007 1215 turgido
1016 1126 1141 1192 cortice

86 1220 220 1290 incismis
234 1223 269 1290 in
282 1223 455 1355 obliquum
468 1223 595 1294 levibus
610 1227 796 1296 emittitur.
810 1229 856 1295 ita
872 1225 911 1296 fit
929 1252 972 1296 ue
985 1226 1141 1298 decidant

85 1324 208 1396 fructus.
230 1317 427 1398 Pomiseris⁵
450 1356 524 1424 quae
545 1334 750 1426 germinant,
766 1357 830 1402 nec
843 1331 956 1401 serunt
969 1333 1174 1420 ῐιιιεῑιιιιι,ι

85 1431 149 1502 lissa
163 1433 274 1504 radice
296 1435 423 1506 inditur
447 1435 547 1531 lapis,
574 1437 765 1532 fertilesque
782 1439 878 1508 liunt.
894 1441 969 1508 Hoc
986 1427 1093 1508 idem⁶
1108 1455 1143 1509 et
1235 1488 1238 1495 ·

85 1539 269 1634 amygdalis,
287 1541 446 1612 erobore
463 1567 570 1612 cuneo
592 1543 720 1613 adacto.
743 1546 784 1613 In
806 1545 886 1639 piris
904 1545 1100 1675 wrbpsque,
1124 1571 1143 1614 e

62 1677 68 1686 ·
86 1644 178 1734 teda⁷‚
192 1671 231 1715 ae
249 1649 362 1718 cinere
376 1663 410 1718 et
428 1664 515 1719 terra
533 1664 702 1743 cooperto.
713 1653 823 1719 Etiam
844 1637 991 1720 radices⁸
1002 1655 1144 1722 circum·

86 1749 192 1822 cidisse
218 1753 357 1872 prodest
380 1755 496 1824 vitium
519 1755 756 1826 luxuriantium
775 1755 1000 1850 ficorumque,
1021 1771 1056 1826 et
1077 1759 1144 1826 eir·

87 1860 225 1929 cumcisis
237 1861 385 1930 cinerem
398 1859 571 1932 addidisse.
584 1863 652 1954 Fici
669 1861 842 1931 serotinae⁹
864 1851 970 1948 liunt,
988 1864 1015 1932 si
1030 1865 1147 1959 primae

123 2117 148 2151 ι.
162 2099 254 2152 Earum
265 2117 357 2170 qaoque
369 2099 454 2152 mehr.
467 2120 531 2152 orsa.
548 2101 587 2152 Ut
672 2118 697 2167 7.
710 2101 741 2152 In
750 2101 813 2170 piris
823 2099 966 2170 sorbisquee
977 2101 1042 2153 teda.
1051 2101 1085 2152 111
1096 2097 1149 2158 bie.

89 2176 214 2230 bominum
228 2178 344 2239 scilieet,
358 2179 405 2233 nbi
417 2181 487 2232 carie
498 2180 589 2232 vitiata
634 2178 739 2250 inquit,
756 2198 772 2230 ο
787 2177 848 2231 teda
861 2179 891 2232 lit
904 2197 1019 2245 cuneus,
1031 2179 1079 2251 qui
1095 2177 1151 2231 edi·

90 2269 152 2310 emt
165 2259 202 2310 De
218 2259 326 2310 terebra
340 2257 376 2312 ad
390 2277 435 2312 eos
450 2277 515 2312 uene
531 2257 590 2311 ido·
633 2271 721 2328 gutur.
744 2257 853 2312 Colum.
877 2259 926 2310 lib.
950 2258 985 2322 V,
1010 2277 1070 2329 eep.
1095 2276 1149 2314 ro:

27 2391 30 2408 ,
91 2335 590 2402 m‚ceuumvide,1ib.vn1‚e.t.fl.
636 2363 648 2384 ι
659 2337 738 2390 Pirue
750 2349 781 2390 ut
794 2337 829 2390 tit
842 2337 933 2402 ferax,
957 2355 1040 2409 quum
1060 2336 1150 2391 adole·

125 2416 301 2488 &Amygdaloe
312 2422 445 2470 cremaris.
455 2417 591 2470 Sic'l'heo·
634 2417 711 2472 verit,
724 2416 778 2469 alte
791 2435 848 2468 eam
857 2416 1028 2487 ablaqueato,
1036 2430 1064 2469 et
1074 2419 1151 2488 juxta

94 2495 147 2564 pbr.
157 2495 221 2549 llist.
231 2496 281 2550 lib.
294 2497 336 2562 11,
346 2515 406 2567 cup.
420 2499 453 2562 8,
464 2508 490 2550 et
499 2507 593 2550 auctor
635 2496 720 2566 ipram
734 2493 852 2548 radicem
866 2508 990 2549 truncum
1003 2496 1110 2560 findito,
1123 2506 1151 2548 et

93 2574 168 2647 Geop.
181 2575 228 2628 lib.
245 2577 294 2640 X,
316 2594 373 2646 cap.
391 2576 435 2644 59.
456 2575 594 2628 ELatiuis
635 2575 756 2629 fissuram
766 2574 933 2629 euueotedoe
943 2574 1151 2645 pineaeadigito,

95 2654 181 2708 Pallrd.
189 2655 237 2708 lib.
245 2656 285 2714 ll.
301 2655 329 2708 in
341 2656 403 2709 Jen.
416 2668 437 2711 t.
450 2655 496 2720 1⁵,
509 2675 537 2726 p.
547 2658 593 2717 46.
636 2667 663 2708 et
678 2655 717 2707 ibi
731 2653 894 2724 relinquito,
906 2652 1004 2707 deinde
1012 2654 1154 2726 absumpta

95 2732 420 2806 Centambujusreiaperit
431 2732 595 2788 idemeeo·
638 2733 858 2804 ablaqueatione,
872 2735 989 2786 cinerem
1005 2752 1085 2804 supra
1100 2745 1153 2785 ter-

95 2812 595 2886 pbr.deCeur.lib.Il,cup.19,p.255.
639 2831 696 2865 ram
723 2812 834 2883 injicito.
859 2837 870 2860 ι
896 2811 996 2868 Eadem
1020 2810 1155 2865 Palladius

96 2892 176 2948 Simile
183 2907 223 2948 eet
234 2893 310 2964 quod
320 2891 356 2947 de
363 2912 454 2948 ceraso
465 2891 598 2948 Palladius
639 2893 728 2956 habet,
741 2891 761 2945 l.
774 2911 798 2945 c.
810 2909 869 2964 pag.
886 2897 933 2956 45,
947 2889 981 2944 de
995 2894 1091 2947 sorbo:
1104 2891 1153 2944 «si

96 2973 177 3042 prodit
183 2974 211 3026 iu
220 2973 345 3038 Octobri,
354 2986 374 3027 t.
391 2989 441 3028 ra:
452 2973 481 3026 Si
494 2989 598 3026 census
641 2971 813 3026 minutiem
831 2971 952 3042 coperit.
974 2969 1041 3025 tede
1053 2988 1155 3040 ennena

97 3066 217 3124 concepto
249 3053 364 3106 humore
392 3051 537 3124 putrescit,
568 3052 598 3104 iu
642 3054 699 3124 ejus
710 3048 846 3104 radicibus
860 3051 1009 3115 interatum
1028 3051 1068 3103 vel
1085 3050 1177 3103 circa.

100 3132 308 3186 unnooioremen
317 3132 443 3204 accipiat,
452 3150 507 3204 quo
517 3130 602 3202 poerit
642 3143 745 3203 partem
754 3130 876 3192 ultimam
885 3130 956 3184 loten
970 3130 1037 3184 fecta
1048 3129 1157 3182 cumulo

101 3209 179 3266 educi.
192 3233 209 3258 ··
224 3211 319 3266 Hann.
644 3211 740 3282 ingesti
752 3209 848 3264 cineris
860 3207 1022 3282 adsequetur.
1035 3226 1047 3252 v
1063 3207 1098 3264 H.

138 3299 161 3354 4.
186 3292 222 3344 Et
244 3291 324 3346 ulmis.
337 3289 480 3344 Columell.
499 3290 548 3344 lib.
565 3291 602 3352 V,
686 3293 714 3344 8.
741 3290 827 3342 Etiam
850 3289 951 3342 radices.
980 3289 1158 3360 Theophrast.

103 3388 155 3439 eap-
166 3375 181 3422 6
192 3391 201 3426 ι
212 3371 321 3436 ιΟιιιιιιι
333 3367 433 3424 deinde
448 3371 528 3426 arbor
541 3361 602 3438 (ul·
647 3371 716 3424 Hist.
727 3368 775 3422 lib.
786 3370 828 3435 II,
839 3387 899 3440 etp.
912 3371 944 3433 8,
957 3382 985 3421 et
995 3367 1096 3422 Pallad.
1111 3367 1158 3418 lib.

104 3439 319 3518 muslvetustetem
334 3449 414 3502 luerit
425 3449 603 3522 adepta,pr0·
647 3449 688 3504 IV
701 3449 729 3502 in
744 3449 857 3514 Martio,
869 3448 910 3501 tit.
919 3466 962 3512 eo,
971 3467 1033 3518 pag.
1043 3450 1089 3516 98.
1105 3446 1140 3499 Η.

104 3539 156 3598 pter
172 3549 271 3584 mmum
296 3529 496 3596 vulnerabitur,
523 3531 558 3584 ita
575 3541 605 3582 ut
685 3548 711 3596 9.
741 3529 799 3582 Fici
823 3532 943 3581 serotmoe.
964 3527 1070 3581 Colum
1097 3527 1114 3578 l.
1136 3545 1162 3580 c.

106 3622 232 3664 excavetur
242 3629 329 3681 nsque
344 3610 371 3662 in
384 3607 540 3674 medullam,
553 3627 605 3681 qua
652 3635 663 3658 ι
677 3608 704 3661 Si
716 3609 789 3662 voles
801 3608 901 3672 ficum,
913 3605 1035 3677 quamvis
1048 3614 1104 3659 non
1116 3625 1163 3658 na·

94 3688 223 3755 ,titmitus
235 3689 361 3754 humori,
382 3707 460 3760 quem
478 3709 511 3742 ex
531 3707 608 3760 supe·
651 3701 725 3752 tura,
740 3705 825 3740 seram
838 3686 1163 3758 lacere,tumgrossulos,

106 3765 249 3840 rioreparte
262 3770 425 3839 conceperit.
440 3795 451 3816 ι
470 3769 560 3822 illan.
650 3767 803 3838 prioremve
817 3767 932 3820 fructum
954 3763 1089 3820 decutito:
1112 3765 1163 3818 ite·

141 3847 164 3899 ⁵.
181 3849 316 3917 Pomisirr's.
341 3849 520 3920 Theophrast.
539 3847 606 3902 llist.
650 3847 830 3904 rumalterum
838 3845 908 3910 edet,
916 3864 997 3917 quem
1010 3846 1039 3898 in
1049 3845 1166 3900 hiemem

106 3925 145 3980 lib.
159 3929 196 3992 11,
208 3947 266 4000 cap.
278 3929 304 3980 8.
322 3929 413 3982 lieren.
652 3925 768 3979 dilleret.
777 3926 984 3996 Nonnumquam
992 3925 1167 3995 etiem,quum

141 4011 164 4060 6.
177 4009 232 4060 Hoc
243 4009 315 4061 idem.
324 4008 459 4078 Theophr.
473 4021 498 4060 et
509 4005 606 4061 Palled.
653 4001 1169 4076 iroridesccrecoeperuntcacuminalici,

107 4084 130 4136 ll.
148 4104 183 4142 cc.
197 4088 287 4144 llario.
654 4085 726 4138 ferro
751 4103 853 4137 stimma
878 4083 986 4154 prodest
1007 4096 1168 4154 amputare:

981 4179 1038 4260 Η)3
