2925 5009
329 441 401 538 Ι164
592 453 630 522 C.
656 455 832 526 PLINII
855 456 965 525 NAT.
991 457 1124 527 Htst.

329 589 498 682 Segestam
518 609 538 654 a
560 587 725 682 segetibus
746 586 978 684 appellabant:
996 613 1137 684 quanam
1159 589 1334 662 simulacra
1356 591 1391 662 in

313 691 463 764 ¹Cir'co'²
479 692 638 764 videmus.
661 695 807 764 Tertiam
835 719 877 765 ex
903 681 990 765 bis¹³
1016 697 1190 766 nominare
1218 698 1281 768 sub
1304 713 1391 770 tacto

324 921 458 976 subterra
473 931 573 986 esunt,
595 920 768 991 prepositum
790 939 839 972 vo·
882 920 1034 991 Segestam,
1058 937 1118 993 quas
1142 939 1176 975 ex
1198 920 1251 975 diis
1270 923 1392 995 proxime

323 1001 435 1056 luerunt
446 1001 546 1054 babere
556 999 642 1054 &aaa
654 1017 661 1054 :
673 1019 759 1071 quum
772 1018 838 1054 raro
880 1000 1018 1072 appellatis
1042 1001 1150 1054 tertium
1169 1002 1260 1055 locum
1274 1003 1391 1069 obtinet,

322 1083 376 1149 jans
389 1091 577 1153 superterram
590 1092 674 1132 esseut
684 1092 711 1158 et
720 1092 836 1151 segetem
879 1098 977 1150 nempe
988 1092 1049 1150 post
1059 1076 1140 1134 deum
1150 1099 1277 1152 agrorum
1287 1083 1391 1134 Termi·

322 1160 452 1227 facerent,
465 1157 542 1212 deam
556 1159 685 1229 Segctiam
697 1179 704 1210 ε
718 1159 836 1212 frumen·
878 1176 960 1222 num,
975 1159 1125 1231 Seiamque.
1135 1159 1303 1225 Tutelinaua,
1316 1165 1391 1232 cujus

321 1241 356 1293 tis
370 1259 434 1294 vcro
449 1238 569 1292 collectis
583 1251 662 1308 atque
675 1237 836 1304 reconditis,
879 1238 1044 1310 Augustinus
1062 1239 1147 1292 etalii
1159 1240 1317 1306 meminere,
1332 1260 1390 1294 eam

320 1333 352 1374 ut
364 1333 423 1374 tuto
434 1329 618 1382 sanarentur,
638 1315 715 1370 deam
728 1318 836 1372 Tuteli·
878 1335 935 1371 ease
960 1316 1054 1380 deam,
1078 1336 1159 1390 quam
1181 1320 1321 1372 nominare
1341 1323 1391 1374 sub

320 1418 383 1453 nam
399 1407 610 1470 praeposuerunt.
622 1421 633 1442 ι
649 1397 741 1451 lirun.
878 1408 949 1451 tecto
969 1397 1065 1468 religio
1078 1398 1144 1458 fuit.
1161 1398 1309 1452 existimem
1322 1401 1390 1454 Tur·

364 1497 408 1532 aa.
425 1479 456 1530 Iu
472 1477 552 1530 Circo.
567 1477 599 1528 Iu
616 1475 695 1529 Circo
707 1477 835 1544 maximo,
877 1476 964 1530 nebus
983 1476 1095 1531 Advers.
1116 1477 1165 1531 lib.
1180 1479 1247 1541 XX,
1263 1498 1324 1549 cap.
1340 1481 1388 1545 36,

318 1557 428 1629 regione
440 1555 523 1610 Urbis
535 1553 686 1608 undecima.
702 1551 793 1608 liano.
876 1567 904 1609 et
917 1555 983 1608 Cael.
997 1554 1085 1609 Rhod.
1098 1558 1146 1610 lib.
1159 1557 1244 1621 XXI,
1262 1577 1324 1630 cap.
1336 1579 1390 1629 29,

363 1639 408 1692 13.
426 1637 533 1690 Tertiam
547 1656 577 1688 aa
591 1637 637 1697 iis,
653 1649 704 1689 etc.
716 1632 833 1702 Quidam
876 1637 1005 1705 quoniam
1027 1637 1159 1702 fortassis,
1184 1649 1215 1690 ut
1236 1638 1390 1693 Macrobius

317 1715 363 1768 hic
377 1719 417 1770 rba
435 1717 545 1768 Διόνυσον
558 1715 725 1786 intelligunt,
741 1733 833 1788 quern,
876 1711 1018 1779 admouet,
1033 1717 1088 1769 Sat.
1112 1716 1159 1769 lib.
1173 1716 1200 1778 1.
1217 1735 1276 1789 cap.
1296 1722 1350 1783 16,
1361 1739 1388 1790 p.

318 1809 348 1849 ut
368 1798 404 1849 ait
424 1793 597 1862 Plutarchus,
614 1794 662 1847 bul
678 1797 770 1865 στέγην
790 1797 834 1848 aba
878 1797 953 1857 264:
968 1793 1066 1866 «Apud
1075 1797 1187 1849 Veteres
1201 1797 1247 1868 qui
1259 1798 1389 1852 nominas·

318 1877 463 1944 ὀμνύουσιν,
482 1873 601 1928 Pitlaoeus
626 1873 732 1928 Tertium
754 1875 833 1946 legit,
875 1885 915 1926 set
926 1873 1064 1939 Salutem,
1086 1874 1256 1940 Samonium,
1279 1876 1388 1943 Seiam,

317 1952 389 2007 etad
401 1953 558 2007 Termiuuru
575 1953 670 2016 refert,
685 1954 833 2008 nominate
874 1951 1006 2024 segetiam
1014 1992 1022 2019 ,
1031 1955 1193 2021 Tutilinam,
1206 1955 1286 2010 ferias
1298 1957 1388 2010 obser·

318 2051 372 2105 que
384 2033 417 2087 ad
430 2051 501 2086 sacra
512 2031 648 2104 pertinere
659 2033 832 2100 arbitrantur,
874 2035 961 2087 rabat.
973 2058 984 2081 ι
994 2034 1095 2089 Vestam
1106 2052 1137 2088 ex
1147 2052 1180 2088 eo
1190 2035 1248 2106 ipso
1257 2036 1388 2090 Macrobii

319 2125 350 2166 ut
370 2111 442 2185 apud
456 2111 547 2166 Horat.
568 2111 657 2165 «male
671 2113 831 2179 nominatis,
874 2111 1386 2185 testimouioplaneefficitur,nonaliaru

316 2191 422 2246 Parcite
435 2191 539 2254 verbis,
550 2217 561 2239 ι
575 2189 604 2243 id
620 2203 672 2253 eat,
688 2188 833 2263 irreligiose
874 2191 925 2245 bac
938 2193 966 2245 in
979 2205 1056 2264 parte
1071 2193 1202 2246 lutetiae
1215 2192 1288 2258 den,
1307 2215 1384 2267 quam

318 2283 411 2326 contra
420 2272 457 2340 iss
471 2283 497 2324 et
509 2289 614 2323 morum
624 2289 759 2324 sacrorum
769 2278 832 2342 pro·
875 2272 954 2334 sein,
962 2273 1128 2345 Segestmque
1134 2272 1319 2328 conditionem
1327 2277 1386 2329 fuis·

319 2352 459 2406 nuntiatis.
479 2348 594 2416 Quidam
616 2349 757 2421 legendum
770 2369 831 2404 ceu·
874 2367 903 2402 se
913 2369 920 2402 ε
932 2371 1014 2422 quum
1026 2362 1114 2405 tamen
1127 2351 1299 2424 dispareaeas
1309 2355 1385 2409 fuisse

320 2444 395 2494 sent,
408 2458 419 2479 ι
431 2431 588 2483 Terminurn
601 2447 633 2482 ex
645 2443 686 2481 xrs
698 2429 833 2485 nominari
874 2428 925 2483 bac
937 2431 1033 2483 silentii
1043 2432 1172 2504 religione
1180 2434 1231 2485 sub
1240 2447 1328 2498 tecto,
1337 2434 1385 2488 Pli-

320 2511 448 2565 subtecto
457 2509 551 2580 religio
562 2521 611 2562 est.
622 2534 633 2555 ι
644 2509 712 2560 Nam
724 2508 759 2562 de
768 2510 833 2564 Ter·
874 2508 935 2562 niua
946 2511 1018 2564 velit.
1027 2511 1115 2564 Eocur
1123 2524 1214 2564 autem
1226 2532 1283 2567 non
1296 2515 1385 2568 tione

319 2589 395 2642 mino
405 2590 487 2643 multa
498 2587 640 2642 duodecim
652 2587 748 2641 tabulis
757 2603 832 2644 cauta
873 2587 1027 2642 Tutelinam
1043 2591 1197 2657 nominare,
1212 2611 1294 2664 quam
1316 2607 1343 2648 et
1358 2594 1384 2646 in

319 2669 401 2722 fuisse
414 2667 498 2723 cuivis
509 2680 620 2734 notum,
635 2667 661 2720 iu
673 2685 739 2740 quas
752 2669 831 2722 etium
874 2667 981 2730 nari,et
990 2669 1017 2721 in
1033 2670 1134 2724 aedibus
1143 2671 1240 2744 passim
1252 2673 1384 2726 nominari

318 2745 671 2811 fortassiseredibilesuerit,
680 2747 831 2802 translatam
874 2759 901 2799 et
915 2747 1037 2803 advocari
1059 2751 1193 2804 cernimus
1205 2751 1280 2823 apud
1293 2754 1384 2808 Petro·

319 2841 435 2881 veterem
445 2825 721 2892 Numaesanctionem,
730 2824 832 2881 utTer-
872 2825 948 2879 nium
957 2827 986 2881 in
1000 2828 1211 2900 SatyricoiNam
1223 2832 1383 2886 Tertullian.

319 2907 395 2960 mino
407 2926 461 2960 non
472 2906 524 2958 nisi
537 2903 660 2958 subdivo
673 2905 831 2972 sacrificare·
872 2904 919 2958 lib.
930 2905 966 2960 de
979 2907 1101 2980 spectac.
1114 2928 1173 2980 cap.
1188 2914 1205 2966 8
1217 2929 1247 2964 :a
1258 2912 1383 2984 Singula,

318 2983 463 3059 tur,qnod
475 2982 836 3057 nelaaputaretTermiuum‘
872 2983 975 3058 inquit,
998 3003 1153 3042 ornamenta
1178 2990 1270 3056 Circi,
1284 2992 1383 3064 singula

317 3067 389 3121 iutra
413 3077 513 3120 tectum
538 3065 688 3118 consistere.
710 3064 775 3117 llaec
795 3065 829 3119 ad
872 3066 974 3136 templa
986 3065 1091 3138 sunt...
1113 3069 1236 3124 Sessiasa
1254 3085 1382 3126 sementa·

316 3163 362 3200 me
374 3149 408 3200 D.
430 3143 607 3216 Reginaldus,
628 3145 671 3197 rir
689 3144 829 3214 singularis
872 3145 1005 3211 tionibus,
1018 3147 1154 3201 Messiasa
1166 3150 1314 3210 messibus,
1327 3154 1379 3206 Tu·

316 3223 454 3280 doctrina.
466 3223 566 3278 Eadem
582 3223 709 3294 etreligio
719 3224 776 3277 suit
783 3226 828 3295 ju·
870 3225 965 3278 telinas
978 3245 993 3279 a
1007 3227 1089 3280 tutela
1099 3224 1234 3283 fructuum
1250 3232 1382 3287 sustinent

315 3303 393 3360 randi
405 3305 485 3358 Dium
501 3302 621 3368 Fidium,
634 3315 666 3355 ut
678 3321 709 3356 ex
727 3303 828 3357 Catone
871 3304 1012 3360 columnae.
1025 3308 1096 3361 Ante
1108 3307 1155 3362 has
1168 3321 1221 3362 tres
1232 3328 1290 3362 aras
1308 3312 1381 3365 trinis

315 3384 397 3438 tradit
420 3383 533 3438 Nonius.
560 3383 680 3436 Juraturi
704 3382 776 3436 enim
798 3381 826 3437 iu
870 3381 923 3436 diis
944 3398 1059 3456 parent,
1079 3388 1198 3458 magnis,
1215 3392 1379 3461 potentibus.

313 3464 496 3536 complurium
505 3459 742 3534 prodibantilpud
754 3478 828 3516 eum·
869 3461 985 3517 Eosdem
1000 3465 1183 3520 Samothracas
1193 3468 1355 3525 existimant
1364 3496 1375 3518 υ

247 3598 251 3606 ,
314 3542 376 3598 dem
388 3545 475 3597 Varro
489 3541 523 3596 de
535 3541 595 3595 Lib.
612 3541 690 3596 educ.
712 3543 826 3612 «Itaque
868 3541 908 3594 Ut
920 3543 1003 3614 igitur
1011 3543 1095 3599 Sessia
1107 3546 1136 3599 in
1148 3548 1250 3613 Seiam,
1261 3550 1303 3603 sic
1312 3551 1379 3604 bles·

313 3625 387 3676 domi
410 3623 487 3678 rituis
506 3621 590 3674 nostri
612 3620 658 3693 qui
675 3639 725 3693 per
741 3622 823 3675 Dium
867 3621 1134 3696 aladen,quaealtero
1150 3627 1262 3680 nomine
1274 3627 1378 3701 Segesta

312 3702 419 3756 Fidium
432 3705 522 3774 jurare
535 3701 611 3766 vult,
625 3701 735 3772 prodire
756 3701 824 3755 solet
867 3702 997 3774 appellata
1008 3705 1068 3770 fuit,
1076 3705 1295 3762 fortsinldeiam
1306 3728 1376 3763 com·
1446 3772 1447 3777 η

311 3783 339 3835 in
358 3781 504 3853 publicum.
516 3806 527 3828 ι
545 3781 689 3836 Fortunam
713 3779 821 3835 Calvam
865 3794 1133 3857 mutata2propterea
1145 3784 1322 3857 qnodeavox
1330 3807 1377 3861 pu·

311 3879 421 3933 quoque
435 3862 485 3914 sub
509 3873 581 3914 tecto
597 3861 735 3914 nominare
757 3861 820 3914 reli-
864 3859 1029 3934 tiduuaquid
1039 3865 1130 3919 oletao
1141 3878 1232 3924 sonat,
1243 3869 1296 3920 aub
1307 3880 1375 3922 tectu

308 3941 412 4011 giorum
425 3939 504 3993 luisse
519 3937 628 3993 tradidit
641 3938 771 3993 Alexand.
784 3941 819 3993 ab
864 3943 1375 4017 eonominenominarereligiol'uiffSd

306 4021 381 4074 Alex.
396 4018 478 4084 lib.1,
492 4036 550 4089 cap.
564 4018 608 4072 13.
618 4019 694 4074 Hauc
703 4019 820 4074 fortassis
862 4019 994 4091 Segestam
1004 4022 1087 4092 ipsam
1097 4025 1200 4091 rarius,
1209 4037 1240 4078 ut
1248 4026 1374 4090 arbitror,

303 4097 406 4153 Plinius
421 4097 518 4152 innuit.
534 4099 635 4154 Dauo.
646 4131 686 4144 -
701 4101 815 4154 Tertiam.
861 4099 1000 4164 intellexit,
1013 4105 1235 4174 quamnomiuari
1243 4106 1295 4159 sub
1305 4118 1373 4160 tecto
