2925 5009
459 507 740 580 Excuasus
764 509 837 579 111.
1113 507 1178 599 471

105 624 158 678 dos
168 635 196 678 et
212 623 321 695 pingui·
334 634 393 691 ost,
411 641 531 680 cremore
544 627 619 682 lactis
636 639 726 682 exacte
743 629 853 692 similis,
865 626 985 700 adeoque
999 625 1084 680 omnia
1099 641 1186 678 exsors

105 712 221 765 lenton's
230 729 238 764 :
248 709 283 765 ad
296 712 367 765 acris
381 729 448 768 tero
460 713 557 768 solisve
571 721 724 770 contactum
736 716 854 770 colorem
872 715 1028 769 subluacnm
1040 711 1147 777 induit,
1160 725 1187 766 et

104 801 260 853 coalaoem
272 799 403 854 lentorem
414 803 625 874 quoquottoetor
638 804 745 859 virtutis
756 803 851 870 iudan
862 821 916 876 quo
928 804 1013 876 major
1021 813 1074 866 cst,
1087 819 1120 854 eo
1132 817 1189 854 me·

105 889 204 942 liorem
218 905 308 942 aaaam
322 897 453 943 testatur:
463 901 491 944 at
507 889 554 944 illa
571 891 600 944 in
613 892 715 947 recenti
728 891 847 968 lacryma
864 889 1114 946 vehementissimus
1128 899 1185 956 est,

104 989 133 1030 et
148 993 214 1029 oum
226 994 260 1030 eo
272 993 353 1048 quem
368 989 491 1031 coum-cta
506 989 532 1032 ct
546 979 685 1052 antiquior
696 979 811 1048 redolet,
831 981 935 1052 qualem
948 979 1057 1051 Europa
1071 976 1187 1050 recipit,

103 1064 186 1118 nullo
193 1063 880 1139 modocomparandua.li2mpieruaallirmatuuatu
890 1083 982 1122 recens
991 1066 1083 1120 eflusa
1092 1063 1187 1118 drach·

106 1169 183 1205 tuan
197 1155 330 1224 majorem
346 1169 471 1225 spargere
481 1153 601 1209 latorem
614 1173 695 1228 quam
704 1167 810 1210 cantum
823 1157 903 1210 libras
915 1153 1086 1217 vetustioris,
1104 1169 1186 1225 antn

106 1240 213 1295 m
225 1242 384 1295 aromatarii
395 1253 525 1296 nostrates
536 1243 708 1298 venumdant.

139 1327 345 1398 Tbstaplirrstua
357 1329 387 1382 in
406 1346 455 1384 sua
471 1329 626 1383 Plantas-nm
642 1329 759 1384 Historia
777 1331 860 1386 refert
880 1343 966 1384 certas
978 1347 1035 1384 osso
1050 1328 1185 1382 cadendo

103 1415 209 1469 radicis
221 1433 370 1470 memoras.
381 1416 415 1471 Et
427 1435 519 1471 revera
532 1428 620 1472 certus
635 1416 732 1473 modus
746 1431 877 1492 oenoequo
890 1417 1060 1472 mensuraria
1072 1415 1185 1470 cacione

103 1503 205 1558 ntlicis
224 1501 260 1557 ad
272 1504 345 1557 succi
358 1507 549 1560 crunctiooem
570 1503 659 1561 adhuc
673 1507 702 1560 iu
722 1507 811 1561 Peraia
829 1507 1013 1562 observantur.
1032 1505 1121 1558 Errat
1140 1521 1187 1556 au·

103 1603 161 1645 tem
174 1591 250 1646 illins
263 1589 426 1647 collectionis
442 1593 514 1646 ratio
522 1609 538 1647 a
547 1591 704 1667 Kampl'ero
717 1596 799 1649 relata
810 1636 817 1662 ,
828 1611 888 1667 quaa
905 1593 1052 1648 alswlvitur
1069 1605 1185 1665 quatuor

102 1683 214 1737 actibus
233 1699 281 1737 aen
300 1683 507 1739 excursionibus
527 1703 561 1738 er
577 1681 673 1738 ricffiis
688 1689 764 1760 pagis
783 1683 818 1740 ad
832 1685 1032 1759 liiugilerorom
1051 1682 1184 1736 montium

143 1861 174 1912 ι’
191 1857 356 1912 Collectoroa
371 1857 407 1912 ad
424 1869 528 1914 montes
549 1857 663 1913 allinunt
676 1857 766 1914 medio
784 1861 888 1934 aprilis,
900 1877 956 1934 quo
967 1873 1087 1931 tompore
1100 1857 1182 1930 hujus

102 1945 275 2020 plantnlolia
282 1947 431 2020 pallescunt
440 1948 603 2019 ,mavigore
612 1947 995 2004 snoiumaroorctndccliuaut
1004 1969 1012 2015 3
1021 1959 1182 2020 etpervasta

103 2035 244 2088 montium
252 2037 337 2107 spatia
346 2034 489 2104 wordum,
501 2036 597 2109 procul
607 2053 664 2090 seso
675 2035 849 2092 dissociautca
859 2056 867 2092 ε
877 2037 911 2092 ita
926 2049 956 2092 ut
970 2035 1018 2110 qui
1028 2054 1062 2092 ex
1074 2053 1182 2110 compa·

102 2135 152 2176 cto
166 2123 196 2176 in
212 2141 383 2178 communem
395 2141 507 2178 censum
519 2124 644 2198 colligere
661 2137 877 2198 proposuerunt,
888 2145 935 2181 sou
944 2125 1055 2198 singulto
1067 2123 1180 2190 domna,

103 2229 154 2264 seu
169 2210 281 2265 familia
294 2223 429 2283 cognato,
442 2229 490 2265 seu
503 2211 614 2265 vicatim
630 2224 683 2265 eta
698 2212 823 2284 pluribus
837 2213 910 2268 inita
923 2215 1078 2278 societates,
1098 2215 1180 2268 alium

102 2310 188 2370 atquc
200 2298 284 2352 alium
302 2311 435 2372 occupent
447 2297 548 2352 montis
561 2309 689 2363 tractum,
701 2319 783 2374 quem
800 2300 834 2355 ad
845 2317 956 2356 anassem
967 2302 1033 2356 inibi
1047 2301 1184 2356 instituen-

102 2387 170 2440 dam
187 2386 240 2440 sibi
259 2387 402 2458 resignant.
423 2385 497 2441 Solet
515 2387 628 2442 societas
643 2399 760 2460 quatum
782 2389 825 2444 tel
840 2390 959 2461 quinque
977 2389 1118 2445 homiuum
1129 2393 1181 2446 sihi

103 2474 244 2529 vindicare
262 2475 368 2529 circiter
384 2475 426 2529 bia
443 2475 516 2530 mille
532 2474 633 2548 stirpes.
649 2475 683 2531 In
703 2475 757 2531 lioc
773 2487 860 2532 tractu
880 2479 984 2550 plautas
1002 2481 1183 2554 ttunrqnisquc

102 2565 200 2618 emula
209 2565 345 2618 alacritate
357 2563 482 2630 adortus,
494 2564 585 2637 primo
594 2575 692 2618 terram
699 2581 760 2638 quta
769 2566 887 2620 radicem
898 2569 926 2620 iu
936 2567 1050 2622 circuitu
1060 2569 1181 2640 proxime

103 2652 206 2714 ambit,
219 2662 383 2722 compactam
396 2649 535 2716 videlicet,
553 2669 606 2723 ope
619 2649 716 2723 ligonis
728 2669 783 2724 quo
796 2665 926 2715 armatur,
938 2654 972 2707 ad
985 2653 1066 2726 palml
1077 2655 1179 2727 spitha-

104 2757 191 2794 ωηο
203 2737 412 2811 prolnnditatcm
426 2740 512 2806 eruit3
530 2739 566 2793 ita
584 2751 616 2793 ut
630 2737 737 2794 modica
750 2740 918 2815 longitudine
930 2741 1010 2796 radix
1031 2743 1131 2798 undam
1151 2763 1179 2799 rc

102 2827 211 2901 prodat.
225 2827 256 2881 π’
269 2827 368 2900 Scupos
385 2825 511 2882 loliorum
524 2839 672 2883 transversa
683 2847 764 2882 manu
777 2829 957 2903 apprehensos
970 2829 1151 2904 intorquendo
1163 2853 1179 2888 a

103 2915 197 2970 radice
209 2915 316 2970 avellit:
327 2918 362 2970 ab
373 2915 568 2989 impedimento
580 2935 689 2990 quoquc
703 2917 831 2972 librarum
849 2937 908 2992 qum
922 2917 1054 2973 hirsutam
1071 2921 1177 2976 mitram

104 3005 244 3067 referunt,
263 3001 362 3058 radicis
379 3003 514 3077 fastigium
532 3015 680 3077 repurgat,
697 3023 751 3076 qno
766 3015 870 3078 remoto
892 3021 1017 3078 rugosam
1038 3007 1179 3062 calvariam

104 3091 224 3146 exhibet
238 3089 267 3144 3⁰
277 3091 391 3147 Terram
404 3109 488 3146 manu
501 3093 546 3146 rel
562 3092 651 3164 ligone
667 3093 827 3147 rarefactam
842 3093 924 3147 radici
943 3111 1037 3148 rursus
1050 3093 1084 3148 ad
1099 3097 1182 3152 verti·

105 3199 166 3236 cem
182 3199 269 3254 usque
283 3180 473 3254 circumponit.
487 3179 559 3234 Tum
572 3181 664 3235 avolsa
680 3180 756 3246 lolia,
771 3195 798 3236 et
811 3181 833 3235 si
851 3181 924 3254 quod
940 3181 1014 3236 aliud
1027 3183 1117 3239 barba
1132 3201 1177 3256 ge·

106 3287 158 3340 upa
175 3268 270 3336 adest,
284 3269 314 3322 iu
334 3267 475 3323 fasciculos
493 3279 581 3341 aptata
600 3267 644 3322 laia
662 3266 803 3323 radicibus
824 3269 984 3343 imponunt,
1004 3269 1180 3344 superaddito

106 3357 216 3432 lapide,
229 3375 264 3412 ue
276 3376 292 3413 a
304 3367 385 3413 tento
397 3357 444 3412 liic
455 3375 527 3430 sape
546 3355 782 3412 vehementissimo
796 3359 874 3432 longo
895 3359 999 3432 lateque
1018 3361 1179 3416 auferantur

106 3457 135 3500 et
153 3446 350 3519 dispergantur.
362 3445 422 3500 Hoc
437 3463 506 3518 opus
525 3458 564 3500 eat
577 3455 744 3518 tegumento,
760 3465 843 3520 quoa
861 3447 942 3502 radiis
955 3447 1085 3516 ‚solaribus
1102 3445 1179 3504 radix

106 3537 182 3590 nuda
192 3545 315 3599 tucatur3
325 3533 388 3607 qnia
401 3533 482 3587 abiis
495 3533 576 3588 umal
588 3549 713 3607 percussa
722 3536 792 3588 intra
803 3533 875 3589 diam
888 3533 1023 3608 putrescit.
1034 3534 1179 3590 Radioans

107 3624 145 3678 sic
158 3623 313 3696 proparari·
326 3620 416 3694 (qood
427 3621 497 3676 intra
513 3619 633 3675 triduum
644 3623 701 3676 loro
710 3621 888 3692 absolvitur),
907 3621 1061 3678 collectores
1078 3623 1179 3680 relictis

107 3710 244 3764 montibus
256 3711 324 3764 lares
337 3719 470 3782 repetunt.

141 3799 241 3872 Elapso
256 3800 363 3870 triginta
377 3799 420 3854 rel
432 3795 610 3871 qnadraginta
619 3793 727 3852 alimum
741 3797 896 3866 intervallo,
908 3797 986 3853 turba
997 3797 1177 3873 colligantium

109 3886 142 3944 ad
156 3899 262 3942 morter
273 3887 388 3942 affluens
406 3885 556 3960 operialitcr
568 3883 668 3940 accedit
678 3885 706 3939 iu
721 3888 780 3942 loca
791 3904 904 3962 quaeque
921 3905 982 3951 ana,
999 3897 1028 3940 ut
1039 3904 1070 3942 ex
1084 3885 1181 3942 radici·

109 3978 159 4032 bus
175 3975 257 4049 priori
277 3987 340 4030 actu
358 3975 515 4048 praeparatis
535 3973 649 4046 liquoris
666 3974 798 4029 tributum
822 3976 919 4049 exigat.
939 3975 1125 4031 Inatrnmcotis
1144 3975 1179 4030 ad

109 4065 161 4117 hoc
174 4063 331 4117 reomatiia
343 4061 443 4116 muniri
460 4060 577 4126 debent,
593 4061 693 4116 scilicet
709 4063 797 4116 cultro
811 4061 962 4118 acutissimo
975 4081 1024 4135 pro
1036 4064 1125 4118 radico
1138 4083 1179 4118 rc-

110 4150 244 4219 scoanda,
265 4151 389 4223 spathula
409 4150 537 4224 pugillari
557 4151 645 4206 ferrea
667 4150 720 4206 lata
739 4151 825 4206 lronte
847 4151 881 4205 utl
894 4150 1074 4206 abradendam
1093 4151 1178 4224 lacry-

987 4222 1047 4304 50⁴
