2925 5009
287 444 361 519 636
502 504 506 512 .
553 452 594 519 C.
621 448 787 517 PLlNlI
813 450 925 519 NAT.
951 448 1082 517 HIST.

287 604 365 649 cum
378 604 482 649 aura:
499 579 672 674 scolymon
683 580 793 649 Graeci
808 593 940 649 vocant.
957 564 1040 649 llie⁵
1051 591 1226 674 antequam
1240 559 1364 649 floreat

286 700 444 756 contusus
474 700 575 781 atque
598 710 792 781 expressus,
822 682 905 754 illito
930 709 1031 755 succo
1051 683 1216 779 alopecias
1240 684 1360 779 replet.

285 790 392 861 Radix
400 792 640 886 cujuscumque
649 816 690 861 ex
702 814 789 886 aqua
800 790 937 861 decocta
950 777 1142 885 potoribus⁶
1151 792 1239 861 erim
1249 790 1362 861 facere

283 912 447 967 narratur.
461 896 695 969 Stomachum⁷
704 896 922 967 corroborat:
937 912 972 966 et
980 882 1107 966 vulvis⁸
1121 892 1167 979 (si
1177 890 1361 986 credimus)

282 1004 383 1072 etiam
400 1004 554 1073 conferre
573 1002 695 1099 aliquid
713 1002 869 1088 traditur,
890 1018 929 1072 ut
948 1026 1055 1072 mares
1074 1001 1286 1097 gignantur⁹.
1306 1006 1358 1071 Ita

282 1110 372 1177 eninr
386 1108 542 1179 Cliaereas
555 1110 766 1179 Atheniensis
781 1110 927 1204 scripsit,
948 1124 982 1177 et
999 1105 1177 1193 Glaucias,
1195 1108 1253 1202 qui
1268 1111 1359 1179 circa

283 1213 425 1283 carduos
439 1212 707 1310 diligentissimus
721 1214 863 1283 videtur.
881 1210 1071 1285 Mastiche'⁰
1085 1213 1204 1283 cardui
1217 1212 1354 1283 odorem

283 1320 498 1390 commendat
514 1319 624 1391 oris¹¹.

251 1458 262 1489 1
335 1428 375 1495 C.
400 1415 535 1519 (xxiv.)
549 1425 616 1496 Sed
629 1426 802 1495 discessuri
822 1424 865 1494 ab
883 1424 1075 1512 hortensiis,
1097 1448 1201 1493 unam
1219 1444 1368 1520 compo·

281 1532 435 1601 sitionem
458 1556 499 1601 ex
515 1533 569 1603 his
587 1532 802 1602 clarissimam
826 1532 1057 1617 subtexemus,
1076 1529 1239 1601 adversus
1255 1554 1353 1601 vene-

281 1650 359 1705 nata
388 1638 558 1724 animalia,
579 1640 717 1708 incisam
740 1636 847 1731 lapide
860 1635 1039 1707 'versibus'
1068 1634 1118 1703 in'
1141 1634 1257 1705 limine
1280 1637 1354 1708 adis

280 1729 629 1839 AEsculapii.Serpylli³
640 1744 745 1813 duum
754 1742 964 1813 denariorum
975 1740 1122 1837 pondus:
1135 1745 1352 1839 opopanacis,

279 1952 307 1993 et
338 1940 474 2011 γηράματα
496 1940 607 2006 Greci,
631 1953 664 1995 ut
691 1958 795 2012 pappos
838 1941 1352 2013 ptosellieaeiseimumessepntatdlin.

280 2018 369 2073 latini
386 2032 491 2074 vocant.
512 2020 591 2074 Conl.
612 2018 727 2091 illaedig.
745 2020 794 2075 lib.
883 2039 927 2075 ιο.
945 2021 1073 2075 Mesricde.
1084 2022 1218 2075 Masurhe
1242 2020 1349 2087 cardui,

279 2098 336 2159 Vl,
351 2117 408 2168 oap.
423 2110 450 2162 7.
464 2100 567 2153 Daue.
837 2099 949 2153 tenuior
967 2100 1013 2153 ille
1027 2112 1083 2165 est,
1100 2113 1128 2153 et
1143 2100 1264 2171 quodam
1277 2101 1351 2155 modo

320 2177 348 2230 ⁵.
368 2178 427 2231 Hie.
439 2179 510 2233 Plio.
521 2180 612 2233 Valer.
630 2179 683 2244 IV,
706 2182 754 2243 16,
767 2192 795 2231 et
837 2180 936 2233 lacteus
949 2196 1059 2243 succus,
1068 2196 1148 2251 quem
1162 2180 1262 2233 cinare
1273 2180 1350 2241 radix.

279 2256 365 2311 nare.
379 2257 459 2329 Emp.
476 2278 501 2311 c.
515 2276 559 2321 rr,
576 2255 670 2312 iisdem
687 2258 792 2311 verbis:
838 2259 886 2311 ubi
895 2256 1020 2312 defloruit
1030 2276 1060 2312 ae
1072 2257 1199 2325 durescit,
1210 2260 1350 2313 searificsta

279 2357 290 2377 ·
300 2334 418 2389 llerbarn
429 2336 523 2391 cardui
529 2337 638 2408 agrestis
653 2338 681 2390 in
692 2350 794 2391 morta·
838 2339 951 2401 emittit,
966 2351 996 2391 nt
1008 2349 1034 2391 et
1050 2338 1215 2409 experientia
1230 2337 1318 2405 docet,
1328 2354 1351 2393 et

278 2414 321 2467 rio
334 2432 417 2485 usque
429 2415 463 2469 ad
474 2416 609 2471 levitatem
620 2416 718 2473 terito:
734 2435 793 2469 suc·
837 2418 978 2487 Theophr.
997 2418 1134 2490 conceptis
1153 2419 1244 2471 verbis
1264 2418 1350 2473 admo·

278 2511 364 2564 coque
373 2496 430 2565 ejas
438 2514 562 2566 expresso
570 2496 659 2550 locum
669 2496 795 2565 alopecia
837 2497 1304 2568 nnitHist.VI,4.1nterpolatores
1316 2500 1350 2551 sic
1386 2516 1388 2523 ⁴

278 2591 374 2626 norem
388 2572 795 2645 diebnsoblinito:sedbisper
837 2578 913 2647 prius
934 2574 1091 2640 ediderant,
1116 2577 1284 2630 Mendaeum
1304 2598 1351 2629 cer·

278 2651 335 2705 dies
353 2653 471 2725 singulos
490 2654 665 2726 perunctione
680 2672 794 2708 renora-
836 2656 908 2709 deur.
919 2657 954 2709 At
966 2656 994 2707 ἰιι
1007 2655 1083 2709 MSS.
1098 2657 1164 2727 lleg.
1180 2674 1213 2720 ι,
1228 2676 1261 2721 a,
1274 2658 1350 2711 Colb.

279 2742 312 2785 ta.
323 2757 334 2779 ι
351 2729 441 2785 llsan.
842 2750 866 2799 1,
882 2754 907 2801 a,
919 2747 969 2788 eto.
982 2734 1103 2787 Mertetlre
1111 2736 1217 2789 carduis.
1227 2737 1350 2789 Errorem

318 2816 346 2863 6.
360 2811 498 2866 Pacorum.
513 2812 584 2865 Plio.
598 2811 660 2865 Vel.
673 2812 724 2877 IV,
742 2816 794 2879 16,
837 2827 945 2867 auctore
957 2814 1046 2867 Plinio
1064 2814 1148 2866 altero
1163 2814 1226 2868 Val.
1242 2816 1350 2885 corrigi·

273 2888 312 2945 sle
327 2890 448 2945 carduo:
463 2890 568 2945 :Radix
579 2910 612 2945 ex
623 2908 690 2963 aqua
702 2905 792 2957 ωοιι,
837 2910 911 2957 mus,
925 2892 962 2945 ita
971 2892 1120 2957 scribente,
1130 2894 1183 2957 lv,
1200 2898 1234 2948 16
1249 2915 1256 2946 :
1273 2920 1284 2941 ι
1296 2896 1348 2947 lta-

277 2967 451 3040 cupiditatem
460 2970 571 3025 bibendi
583 2970 724 3042 potoribus
731 2972 795 3023 sub·
835 2970 919 3026 ariolae
928 2970 1088 3025 carduorum
1098 2970 1210 3025 odorem
1217 2972 1273 3027 orie
1283 2992 1349 3027 com·

276 3048 417 3105 ministrat.
426 3076 438 3097 ι
451 3050 609 3115 Columella,
615 3050 663 3103 lib.
672 3048 706 3103 de
718 3050 793 3105 culta
836 3051 1014 3105 mendabilem
1026 3049 1125 3104 reddit.
1136 3077 1148 3098 ι
1166 3052 1261 3107 Hun.

277 3126 437 3195 Horrorem,
446 3130 493 3201 qni
506 3130 627 3185 decimus
638 3130 792 3200 operirent,
880 3147 924 3184 ιι.
939 3130 1045 3183 Odorem
1060 3130 1209 3183 mmmdcc
1221 3136 1282 3185 oris.
1299 3133 1345 3185 lla·

276 3226 304 3277 p.
319 3208 373 3263 353
387 3228 394 3262 :
409 3236 422 3259 ι
434 3207 548 3279 Hispida
560 3221 677 3281 ponatur
690 3210 790 3275 cinara,
833 3207 881 3264 dix
901 3210 984 3272 illita,
1002 3222 1029 3261 et
1042 3207 1171 3269 decocta,
1189 3210 1218 3263 in
1234 3211 1346 3281 vinoque

276 3304 336 3359 qaas
354 3286 440 3342 duleis
454 3290 552 3343 laccho
567 3288 673 3342 Potenti
686 3288 789 3355 reniet,
832 3302 916 3359 pota,
946 3288 1027 3344 totius
1051 3288 1173 3359 eorporis
1196 3302 1224 3341 et
1249 3290 1343 3343 alarum

276 3386 328 3420 nec
339 3368 441 3421 Phoebo
452 3381 527 3440 grata
537 3367 651 3422 maenti.
666 3393 678 3416 ι
692 3368 728 3421 Η.
832 3367 1039 3439 graveolentiam
1054 3366 1185 3421 emendat.
1201 3369 1303 3423 Diuo.

317 3467 344 3517 7.
356 3446 510 3501 Stomachum
524 3448 674 3501 corroborat.
691 3447 789 3500 Sinon
873 3448 906 3502 C.
923 3466 948 3501 ι.
964 3447 1088 3499 Versibus.
1102 3448 1178 3512 Quos
1188 3449 1284 3502 recitat
1296 3448 1344 3503 Ga·

274 3524 379 3580 avidius
392 3540 528 3594 sumatur,
547 3528 634 3599 inquit
648 3526 788 3581 Plin.Val.
832 3528 885 3581 len.
902 3526 936 3582 de
951 3524 1043 3580 Antid.
1057 3527 1098 3588 11,
1120 3533 1172 3590 14,
1184 3546 1214 3595 p.
1230 3548 1302 3597 psa,
1316 3546 1343 3581 ea

275 3605 328 3672 IV,
341 3610 386 3661 16.
399 3608 491 3661 Ηιιιιι.
832 3605 955 3661 Eudemo
971 3605 1085 3661 medico.
1102 3606 1171 3659 Sunt
1183 3608 1299 3661 omnino
1309 3625 1345 3661 se·

315 3688 389 3741 &Et
398 3687 485 3739 valois.
493 3685 671 3758 Transcrlpsit
680 3696 707 3738 et
716 3684 789 3739 istud
833 3684 929 3740 decim.
942 3686 1033 3740 Haan·

274 3764 415 3819 rumve.
429 3770 483 3821 loc.
497 3766 570 3820 citat.
587 3766 633 3819 nbi
649 3764 789 3819 Glauciam
875 3785 900 3819 a.
914 3766 952 3819 Ia.
967 3762 1050 3837 Apud
1066 3764 1180 3817 insulam
1198 3764 1342 3829 Coum,in
1452 3808 1454 3815 ,

274 3846 374 3915 pariter
385 3844 475 3900 laudat
487 3857 632 3899 auctorem.
646 3844 737 3899 Ηιιι).
833 3844 936 3915 templo
951 3844 1102 3915 AEseulapii,
1112 3842 1202 3915 inquit
1214 3842 1343 3898 Ptinvar.

316 3944 343 3994 9.
367 3924 492 3978 [lteram
509 3928 651 3995 gignentur.
668 3923 789 3980 Medico·
832 3924 889 3984 111.
905 3924 951 3991 57.
968 3925 1059 3977 Ηιιιυ.

274 4022 334 4058 rom
350 4005 444 4075 volgus
454 4005 667 4069 chamaeleonte,
689 4003 787 4069 idest,
874 4002 899 4057 3.
917 4002 1030 4076 Serpylli.
1044 4002 1161 4057 Galenus
1176 4002 1229 4055 loe.
1243 4002 1290 4054 cit.
1305 4020 1342 4053 re·

274 4084 399 4137 silvestris
412 4084 504 4139 cardui
521 4084 632 4151 liorem,
645 4084 679 4139 ad
692 4102 787 4139 conoe·
832 4084 917 4139 citatis
938 4082 1051 4139 Eudemi
1077 4082 1213 4147 versibus,
1232 4080 1344 4135 medica·
