2925 5009
521 480 680 548 nisan
710 482 793 549 xx.
830 564 834 573 .
1117 474 1188 575 ⁵79

119 612 274 706 Egyptio
284 610 458 704 judicavit.
472 596 644 707 Plerique⁶
657 610 791 683 alterius
807 625 936 681 nature
952 610 987 678 in
1000 622 1108 680 totum
1127 622 1188 707 pu·¹
1266 682 1273 694 ,

119 732 210 803 tant,
220 719 377 812 quoniam
392 719 435 787 sit
445 716 560 786 exilius
573 732 609 787 et
619 717 801 787 candidius.
811 714 932 787 Similis
943 728 1054 785 autem
1063 731 1098 785 et
1108 717 1189 789 huic

119 846 199 893 usus
213 848 222 893 ε
235 848 380 918 namque
394 838 429 893 et
445 824 586 919 panibus
604 823 831 893 Alexandrinis
847 822 1036 917 subjicitur,
1056 836 1090 891 et
1106 848 1189 893 con·

119 929 272 999 diruentis
304 931 536 1025 interponitur.
567 930 759 1000 Inflationes
785 944 819 1001 et
853 928 1015 1000 tormina⁷
1044 928 1186 999 discutit.

119 1022 256 1105 Urinas⁸
267 1050 303 1105 et
311 1050 480 1105 menstrua
491 1039 567 1107 ciet.
577 1034 772 1133 Suggillata⁹
782 1051 816 1107 et
826 1033 999 1105 oculorum
1011 1036 1190 1130 epiphoras
1208 1075 1223 1111 ι

118 1143 259 1235 mitigat
271 1145 357 1212 Cum
368 1141 426 1211 lini
439 1144 564 1212 semiue
573 1144 785 1237 scorpionum
795 1140 819 1165 ¹⁰
833 1144 917 1213 ictus
929 1142 963 1208 in
976 1142 1055 1209 vino
1071 1156 1189 1235 potum

116 1246 287 1317 drachmis
302 1247 446 1334 duabus,
461 1250 682 1343 privatimque
698 1263 920 1333 cerastarum,
935 1270 1012 1316 cum
1026 1247 1098 1341 pari
1111 1272 1189 1343 por·

118 1356 210 1423 none
227 1352 584 1447 mprm0c010rem¹¹
602 1380 735 1451 quoque
754 1354 936 1424 bibentium
954 1350 1104 1423 similiter
1119 1378 1190 1424 mu·

117 1474 168 1527 tat
178 1462 213 1528 in
227 1457 397 1554 pallorem.
412 1460 568 1530 Suffitum
587 1486 664 1530 cum
676 1483 742 1529 uva
760 1484 854 1555 passa
865 1474 898 1529 et
913 1460 1039 1547 resina,
1053 1456 1189 1529 vulvam

118 1580 251 1660 purgat
269 1566 421 1637 Tradunt
436 1565 564 1636 facilius
585 1569 762 1662 concipere
780 1590 851 1655 eas,
866 1590 940 1660 quae
957 1564 1140 1635 odorentur
1154 1564 1190 1637 id

119 1696 180 1765 per
198 1672 333 1741 coitum.

172 1779 263 1846 LIX.
286 1780 339 1847 De
359 1776 512 1873 cappari'
536 1779 613 1847 satis
637 1777 779 1848 diximus
803 1780 889 1847 inter
910 1778 1103 1873 peregrinos
1123 1776 1223 1847 fru·r

116 1885 208 1953 tices
235 1885 313 1953 Non
332 1881 509 1953 utendum²
528 1885 776 1953 transmarino:
802 1884 1010 1955 innocentius
1035 1882 1191 1955 Italicum

118 2006 178 2057 est.
201 1992 344 2075 Ferunt,
358 2014 415 2059 eos
430 1992 488 2085 qui
507 1990 655 2084 quotidie
676 1989 710 2058 id
731 1990 855 2077 edunt,
874 1987 1016 2084 paralysi
1040 2014 1108 2057 non
1130 2014 1190 2083 pa·

70 2165 75 2173 ,
117 2093 271 2181 riclitari‚
287 2120 348 2165 nec
362 2094 454 2165 lienis
470 2094 651 2165 doloribus.
668 2080 794 2165 Radix³
815 2095 885 2189 ejus
907 2093 1082 2190 vitiligines
1097 2092 1190 2164 albas

118 2200 224 2285 tollit,
238 2204 265 2271 si
282 2204 359 2271 trita
376 2204 411 2271 in
428 2200 498 2272 sole
514 2202 683 2273 fricentur.
704 2190 886 2297 Splenicis⁴
900 2200 1036 2297 prodest
1054 2202 1089 2271 in
1112 2202 1191 2273 vino

117 2365 257 2438 judicarit.
272 2390 284 2411 ι
308 2364 383 2430 Quid
402 2384 485 2437 porro
504 2364 575 2419 istud
591 2365 633 2418 rei
674 2366 753 2431 sino,
769 2364 862 2420 scribit
872 2365 961 2419 Diosc.
977 2363 1029 2417 loc.
1043 2364 1087 2419 cit.
1098 2364 1190 2419 Huc.

118 2443 293 2499 estildcirco
302 2446 632 2516 caminumAEthiopicum
718 2464 763 2499 aa.
781 2446 900 2499 Colorem.
920 2445 955 2498 Et
975 2456 1056 2513 potu,
1076 2458 1103 2499 et
1118 2445 1190 2501 illitu

118 2525 297 2596 Hippocrates
315 2525 420 2594 regiam
444 2524 633 2596 appellaverit,
673 2525 794 2579 similiter
811 2525 928 2578 colorem
941 2522 1110 2595 pallidiorem
1131 2524 1191 2577 effi·

118 2604 247 2676 quoniam
260 2602 328 2656 illud
336 2603 364 2655 in
372 2607 489 2675 Egypto
501 2604 633 2657 efficacias
674 2622 736 2657 cere
743 2643 751 2667 ,
766 2616 795 2659 ut
808 2604 961 2667 cuminum,
974 2602 1095 2657 Dioscor.
1109 2603 1189 2657 etiam

117 2681 262 2755 judicarit?
282 2685 324 2737 An
340 2683 476 2735 cobserent
497 2683 547 2737 ista
562 2684 634 2737 inter
674 2696 817 2737 auctorest
832 2684 882 2737 loc.
897 2683 942 2736 cit.
956 2684 1047 2735 Hsan.

119 2764 225 2817 aetatis
237 2761 315 2832 apte?
334 2763 366 2815 In
379 2761 457 2814 MSS.
472 2763 537 2833 Reg.
553 2763 632 2817 colb.
711 2763 784 2815 LIX.
808 2784 830 2815 r.
854 2762 1015 2832 Dscappsrs'.
1029 2760 1088 2814 Lib.
1103 2761 1188 2827 Xlll,

119 2856 171 2896 etc.
188 2843 274 2912 ·qnia
286 2840 419 2895 efficacius
429 2844 547 2912 AEgypto
557 2841 632 2913 judi·
675 2861 733 2913 cap.
751 2847 797 2905 44.
811 2840 902 2895 Hsan.

119 2923 203 2979 cavit:
212 2947 223 2967 ι
232 2939 281 2973 nos
291 2939 324 2973 es
335 2918 485 2974 indubitata
495 2919 633 2985 (Pintiani)
718 2940 744 2973 s.
754 2914 813 2971 Nou
823 2920 943 2973 utendam.
956 2918 1082 2971 Africano
1089 2918 1190 2973 scilicet

119 3003 274 3070 conjectura
297 3000 422 3071 AEgyptio
453 3001 632 3071 reponimuss
676 3019 708 3053 eo
722 3001 869 3070 prasertim
882 2996 958 3071 quod
966 2996 1038 3070 apud
1050 2998 1189 3051 Marmari-

121 3083 165 3135 cai
186 3092 247 3151 post
265 3080 446 3149 AEtbiopicusu
468 3080 636 3135 Dioscorides
653 3080 658 3089 '
677 3079 725 3133 das
737 3080 864 3144 nascitur,
876 3076 1000 3149 velquod
1013 3078 1190 3131 exdsabiaet

120 3159 373 3232 pariter111‚68‚
394 3158 525 3213 mandas
549 3173 637 3230 partes
677 3160 762 3213 rubro
775 3154 1190 3211 marideierturznamidinore

120 3259 152 3294 ac
162 3240 231 3293 vires
241 3237 361 3311 adsignat
373 3254 379 3291 :
391 3238 497 3307 Kilpuss
509 3240 634 3309 ettmpo
678 3238 797 3309 pustulas
817 3239 928 3302 excitat,
952 3250 977 3290 et
995 3236 1114 3307 gingivas
1135 3254 1191 3289 osse

121 3322 227 3388 ιῦςομον
237 3341 243 3354 ·
255 3320 296 3371 sal
309 3320 396 3370 τούτου
408 3321 499 3388 μᾶλλον
510 3321 539 3373 τὸ
555 3320 636 3371 Αἰθω·
678 3330 755 3371 tenus
771 3315 875 3384 exedit,
893 3329 944 3369 etc.
960 3314 1031 3368 Vide
1041 3313 1190 3369 Dioscorid.

121 3402 194 3452 mals
205 3399 264 3468 dsssp
272 3389 430 3467 irremisse
446 3400 569 3462 βασιλικὸν
580 3399 637 3451 iassi-
678 3397 725 3449 lib.
741 3398 786 3460 11,
799 3414 857 3467 cap.
869 3401 919 3459 aod
928 3418 935 3459 ;
945 3394 1077 3449 Galerium
1087 3392 1121 3447 de
1131 3394 1191 3449 Fac.

119 3474 197 3532 tasa'·
208 3474 322 3546 dsbsspss
333 3479 361 3529 τὸ
373 3477 524 3547 Αἰγύπτιον,
536 3490 587 3531 ete.
601 3477 636 3532 ΙΙ.
678 3475 769 3546 simpl.
785 3474 854 3527 med.
868 3474 916 3527 lili.
927 3476 994 3536 vll,
1008 3494 1038 3545 p.
1052 3473 1115 3529 185.
1127 3480 1158 3527 Η.

164 3560 193 3609 6.
209 3557 331 3627 Plerique.
345 3557 438 3610 Diosc.
453 3557 504 3610 loc.
518 3557 563 3609 cit
581 3556 616 3610 ΙΙ.
721 3556 749 3607 3.
765 3554 856 3607 Radia.
873 3552 1027 3607 Dioscorid.
1046 3554 1099 3607 loc.
1121 3553 1193 3609 citat.

164 3657 193 3707 7.
209 3637 333 3688 Tomisa.
344 3636 433 3689 Diusc.
449 3635 500 3689 loc.
513 3636 558 3690 cit.
570 3637 605 3689 Η.
681 3626 773 3704 Qube
786 3654 813 3686 τι
826 3634 922 3693 laterbe
938 3633 1080 3703 ἀποσμήχει
1094 3632 1136 3685 aba
1146 3632 1195 3695 ὄξιι

164 3720 193 3771 8.
211 3715 409 3769 Πήιω.Ι)ἰοοο.
426 3716 477 3769 loc.
490 3715 537 3769 eit.
549 3714 584 3769 H.
680 3717 750 3779 λεῖα,
773 3732 854 3767 acum
876 3725 949 3766 aceto
971 3713 1032 3765 trita
1055 3711 1196 3783 lentigines

165 3815 193 3864 9.
212 3794 364 3865 Suggillata.
386 3793 474 3849 Diosc.
492 3796 544 3848 loc.
558 3795 637 3849 'citat
682 3794 755 3847 albas
771 3792 850 3847 tollit.
862 3818 873 3839 ·
893 3791 937 3845 Sic
956 3790 1036 3843 etiam
1056 3790 1149 3844 Galen.
1164 3789 1197 3851 de

121 3875 176 3929 Kal
189 3874 294 3927 ὑπώπια
310 3875 485 3929 mereamur
500 3876 544 3929 ebs
559 3876 639 3945 psbrrs
683 3874 746 3929 Fac.
754 3873 841 3945 simpl.
855 3870 957 3925 med.l.
967 3871 1036 3935 vlt,
1046 3890 1074 3941 p.
1086 3871 1150 3935 184.
1163 3868 1198 3921 ΙΙ.

60 3996 65 4004 .
124 3954 300 4025 seipsuflasu.
725 3958 754 4015 ά.
768 3952 894 4023 Spleaicis.
904 3950 1023 4003 Marcell.
1038 3948 1199 4021 Empiricus.

168 4050 211 4087 ao.
225 4031 392 4103 scarpum.
413 4033 544 4087 Omnium
559 4051 641 4087 sene
685 4050 744 4103 cap.
755 4048 836 4087 assu.
849 4031 986 4084 Plin.Val.
1002 4030 1049 4081 lib.
1062 4030 1102 4093 ΙΙ,
1115 4048 1139 4083 c.
1151 4030 1201 4082 18:

123 4125 248 4166 natorum
271 4113 403 4167 morsibus
429 4112 577 4185 opitulatur
608 4132 640 4166 ea
690 4112 825 4167 ecorticis
838 4132 870 4165 ex
887 4108 976 4167 radice
992 4127 1137 4181 capparum
1158 4124 1202 4161 co·

1011 4213 1072 4309 37⁸
