2925 5009
332 457 404 546 stit
681 455 960 524 excursus
985 455 1062 524 111.

330 597 391 652 quas
405 574 513 650 quidem
527 572 662 628 cudendo
676 573 774 628 radicis
784 571 915 628 mensuris
927 575 1017 629 atlbuc
1027 575 1201 628 mererentur
1211 572 1239 625 in
1255 572 1338 625 Persia
1347 611 1353 630 ,
1363 582 1387 623 at

332 667 414 741 paulo
426 679 487 739 post
500 663 662 717 ridebimus.

367 757 470 808 Verum
488 754 625 807 enimvero
639 768 697 824 que
710 751 745 804 ab
760 751 815 804 illis
827 751 983 805 auctoribus
993 751 1028 804 de
1041 752 1089 804 illo
1102 769 1180 805 sacco
1192 752 1303 822 ejusque
1314 749 1388 819 planta

330 844 429 914 scripta
443 851 521 904 sunt,
533 851 636 893 tantum
650 840 726 892 abest
739 851 768 892 ιιι
783 840 853 900 illius
870 839 1008 894 historiam
1026 839 1219 900 dilucidarent,
1233 848 1261 890 ut
1280 857 1295 889 e
1309 847 1386 888 contra

329 931 401 984 illam
416 928 511 1001 majori
522 927 690 980 obscuritatis
703 926 817 997 caligine
826 925 999 980 involverint.
1011 925 1121 980 Gsrcias
1131 926 1165 979 ab
1175 925 1262 977 llorto
1278 923 1336 976 folia
1349 943 1386 975 ec

329 1013 382 1086 ryli
397 1013 447 1084 ipsi
458 1010 558 1063 tribuit.
574 1009 689 1063 Iacobus
703 1009 812 1065 licntr'm
826 1007 950 1062 eumdem
963 1027 1076 1063 succum
1087 1027 1118 1061 ea
1136 1007 1238 1080 duplici
1249 1007 1336 1079 planta
1352 1023 1387 1058 ea·

330 1102 431 1165 trabit,
442 1099 544 1154 scilicet
557 1118 591 1152 ex
602 1098 695 1172 planta
703 1097 818 1170 quadam
828 1111 1006 1163 sarmentosa,
1017 1098 1090 1152 salici
1100 1096 1229 1171 aquaticas
1243 1098 1297 1148 fere
1306 1091 1388 1156 simili,

330 1203 357 1244 et
369 1209 402 1244 es
419 1189 467 1242 alia
483 1187 618 1242 radicibus
631 1185 798 1240 crassissimis
810 1187 944 1258 raphanos
952 1187 1133 1240 referentibus
1144 1197 1171 1238 et
1183 1185 1256 1237 foliis
1264 1181 1387 1254 tithymali.

329 1275 451 1343 Quidam
463 1273 603 1328 Mandesso
624 1293 706 1328 unam
726 1292 784 1327 esse
797 1273 951 1327 fruticosam
970 1273 1317 1346 plantam,aarmentuaam‚
1332 1266 1389 1322 foliis

329 1363 421 1436 parvis
438 1363 517 1416 oriass
530 1361 662 1415 similibus
673 1359 758 1424 dicit3
772 1361 882 1414 alteram
895 1380 960 1414 vero
979 1362 1038 1432 rapi
1053 1362 1132 1426 folio,
1145 1362 1237 1414 colore
1250 1357 1324 1412 viridi
1337 1355 1388 1408 falia

329 1451 431 1504 ficuum
443 1450 584 1503 referente.
598 1447 649 1500 tttit
661 1448 790 1520 pbilyreu
807 1448 923 1520 speciem
935 1467 992 1502 esse
1005 1449 1107 1502 volunt.
1122 1447 1327 1520 Ullusquenibil
1336 1445 1389 1496 certi

330 1539 365 1594 de
378 1540 430 1592 bac
438 1539 532 1610 planta
545 1537 784 1608 pronuntiaverat,
796 1535 882 1589 donec
891 1537 1067 1609 Engelbertus
1076 1537 1259 1608 Kumpferus,
1268 1535 1330 1588 dum
1340 1535 1388 1586 ee»

328 1628 395 1682 siam
416 1639 444 1680 et
464 1624 570 1678 Indiam
585 1637 756 1697 peragraret,
772 1623 930 1696 indagandas
950 1625 1032 1689 bajus
1051 1625 1142 1678 herbe
1161 1623 1292 1696 cupidine
1303 1633 1390 1680 motas·

330 1731 365 1780 so
378 1717 420 1772 rei
434 1715 468 1768 50
480 1713 634 1767 milliarium
646 1714 697 1767 iter
709 1715 865 1767 emetiretur
878 1715 1010 1767 laboriosa
1022 1714 1236 1786 peregrinatione
1246 1750 1254 1776 ,
1263 1709 1388 1765 actandem

328 1803 472 1878 genuinam
487 1816 514 1856 et
527 1801 754 1856 accuratissimam
767 1801 837 1856 illins
855 1801 994 1856 historiam
1011 1813 1037 1854 et
1050 1802 1261 1875 descriptionem
1273 1802 1300 1854 in
1315 1801 1386 1852 dnae

328 1894 458 1946 nitatibus
471 1891 579 1944 exoticis
591 1889 813 1962 promulgaverit.

365 1981 455 2034 Planta
468 1980 538 2032 sicut
550 1991 577 2032 et
589 1996 684 2032 succus
704 1978 732 2030 iu
746 1977 834 2032 Pereia
856 1981 990 2048 Bingissls,
1008 1991 1034 2032 et
1051 1998 1099 2052 per
1112 1978 1220 2033 indiam
1243 1981 1316 2048 Birirg
1332 1995 1385 2048 sept

329 2067 565 2122 indiscriminatim
587 2078 789 2138 nuncupantur.
816 2065 945 2120 Usitatius
964 2078 1051 2120 tamea
1075 2079 1113 2120 est
1135 2067 1271 2122 vocabula
1290 2067 1385 2134 llisgbrl

328 2157 563 2232 plantam,11is'ng
586 2155 672 2226 ipsam
688 2154 835 2228 lacrymam
861 2154 1018 2225 exprimere.
1038 2157 1132 2229 ltaque
1152 2159 1273 2226 Hisgissls
1292 2151 1384 2208 Persis:

330 2243 496 2297 umbellifera
507 2279 515 2305 ,
528 2242 649 2295 levistico
662 2241 768 2307 affinis,
789 2241 859 2294 foliis
883 2243 967 2296 instar
986 2243 1100 2315 pseoniat
1113 2244 1248 2311 ramosis,
1261 2244 1330 2297 caule
1343 2242 1384 2312 ple

327 2353 365 2386 no
379 2332 509 2398 maximo,
522 2332 622 2384 minine
636 2331 760 2393 foliaceo‚
774 2328 864 2396 nudo,
878 2331 1014 2394 solitario,
1030 2333 1137 2386 branca
1157 2335 1257 2386 ursinte
1275 2333 1313 2386 rel
1323 2329 1386 2402 pasti-

329 2440 403 2476 uacat
415 2419 513 2484 simili,
531 2419 621 2473 radice
634 2437 718 2472 assam
733 2418 853 2472 foetidam
868 2418 1014 2484 fundente,
1030 2421 1178 2494 Kumpfer.
1192 2427 1295 2475 Amen.
1307 2419 1386 2474 exutio

328 2508 447 2563 fascicul.
459 2507 513 2570 111,
530 2507 591 2560 53⁵.
604 2505 729 2560 liadieesn
742 2505 823 2559 babet
841 2505 875 2559 ad
891 2507 984 2578 plnres
997 2527 1082 2562 annos
1091 2509 1253 2572 restibilem,
1265 2525 1385 2580 magnam·

330 2591 509 2666 ponderosam
519 2628 527 2657 ,
543 2590 662 2652 nudum,
674 2604 750 2642 estus
763 2590 882 2661 nigram,
894 2591 922 2644 in
934 2593 991 2645 solo
1009 2587 1105 2648 limoso
1116 2595 1229 2660 lesem,
1247 2595 1274 2647 in
1283 2592 1384 2646 sabuloso

329 2681 450 2734 scabram
465 2691 493 2732 et
512 2677 708 2750 quadamtenus
720 2696 865 2749 rugosam,
880 2691 908 2732 ut
926 2680 1072 2751 plurimum
1088 2682 1236 2754 pastinacas
1247 2683 1322 2735 instar
1337 2696 1384 2732 an·

329 2766 443 2839 plicem,
457 2783 525 2836 sepe
538 2765 646 2836 paulos
668 2764 756 2836 capite
769 2763 875 2819 duabus
893 2765 935 2820 vel
952 2765 1074 2838 pluribus
1094 2767 1323 2822 dimicationibus
1337 2767 1382 2818 bra·

328 2853 455 2914 cbiatarn,
469 2853 547 2924 cujus
557 2851 692 2923 fastigium
706 2870 721 2903 e
735 2851 829 2906 tellure
843 2853 1000 2924 prominens
1018 2854 1094 2908 tibris
1114 2867 1233 2910 setarum
1250 2857 1326 2909 instar
1337 2871 1381 2905 sur·

326 2941 419 3007 rectis,
432 2959 465 2993 es
478 2939 555 2994 fusto
568 2939 653 3005 rufis,
668 2939 776 3012 rigidis,
797 2938 938 2992 confertim
959 2940 1074 3014 stipatur
1090 2945 1163 2998 velut
1181 2943 1211 2996 in
1233 2942 1379 3019 peucedano=

329 3039 420 3083 cortex
438 3028 463 3079 ei
476 3027 584 3102 pinguis
596 3039 652 3092 est,
665 3045 809 3093 succosns,
824 3027 918 3090 facile,
934 3025 999 3082 dum
1010 3027 1128 3084 radicem
1144 3032 1203 3085 solo
1216 3031 1335 3090 eata-abis,
1346 3028 1379 3080 ab

327 3115 458 3182 seedens,
480 3115 646 3168 concavitate
664 3115 757 3186 glabra
770 3127 797 3168 st
811 3114 941 3169 humida:
960 3116 1136 3172 substantiam
1150 3121 1256 3176 obtinet
1275 3117 1379 3192 pondus·

328 3221 402 3266 sam,
420 3203 504 3256 instar
515 3220 586 3273 rapas
600 3200 713 3255 solidam
726 3200 1015 3276 candidissimumquc,
1029 3205 1135 3276 plenam
1148 3210 1222 3263 succi
1235 3203 1378 3283 pinguis,al·

325 3291 445 3356 bissimi,
456 3288 633 3355 fetidissimi,
649 3308 780 3361 porraceo
791 3289 875 3344 odore
890 3311 968 3346 nares
981 3292 1092 3348 horride
1105 3297 1244 3364 ferientis;
1264 3298 1306 3370 qai
1317 3313 1342 3349 ex
1356 3309 1377 3344 tt

328 3381 469 3444 collectus,
482 3377 569 3432 Persis
583 3379 680 3447 Hingfs,
693 3377 831 3450 Europaeis
844 3397 900 3434 assa
914 3379 1004 3434 fmtida
1025 3383 1184 3454 appellatur.
1202 3386 1273 3440 Folia
1285 3403 1335 3438 seru
1345 3397 1378 3430 aa·

328 3479 424 3520 tuinuo
437 3485 469 3519 ex
483 3464 581 3517 vertice
597 3466 798 3536 progerminant
809 3483 870 3528 sex,
883 3478 996 3538 septem,
1007 3481 1033 3522 et
1048 3489 1103 3542 pru
1112 3471 1215 3526 radicis
1226 3467 1378 3545 ιιιιςωίιιᾶὶίίε

328 3555 406 3627 plura
422 3551 464 3606 vel
478 3553 625 3624 pauciora,
639 3569 698 3623 que
717 3571 766 3624 per
780 3553 903 3606 brumam
918 3553 1054 3612 luxuriose
1068 3559 1322 3632 vigent,adultoqne
1331 3571 1377 3610 tert

328 3653 494 3696 excrescunt.
505 3639 610 3692 Fabam
621 3652 710 3694 autern
723 3654 764 3695 est
777 3659 930 3708 ramosum,
943 3645 1072 3715 planum,
1085 3647 1262 3719 longitudinis
1270 3643 1377 3703 cubitalis.

330 3730 387 3783 folii
409 3727 522 3800 poenuiai
539 3727 731 3799 utplurimum
750 3728 879 3800 figuram,
893 3729 1004 3785 levistici
1024 3733 1213 3797 substantiam,
1227 3737 1331 3790 colorem
1340 3771 1346 3796 ,
1356 3741 1376 3782 tt

327 3817 470 3872 levitatem
485 3815 612 3870 exbibens
624 3816 754 3870 :odorem
772 3817 873 3870 obtinet
885 3819 959 3873 succi
972 3819 1057 3874 odore
1073 3824 1272 3888 remissiorem,
1282 3835 1376 3894 saporem

327 3924 391 3960 cum
405 3903 524 3956 amaritie
535 3915 562 3956 et
569 3905 714 3958 aromatica
723 3903 849 3959 acredine
858 3905 1004 3962 bireosum.
1017 3909 1153 3964 Structura
1167 3925 1307 3965 constater
1316 3923 1375 3976 sript
1426 3907 1428 3974 ξ

327 4005 354 4046 et
370 4011 445 4045 ramo
457 4007 464 4042 ε
475 4009 571 4062 scapus
582 3992 747 4063 spitbamalis
761 4006 786 4046 et
800 3994 915 4065 amplius
929 3996 1100 4068 longitudinis
1112 4011 1168 4060 est,
1184 3999 1300 4054 humano
1313 3993 1374 4066 digito
1426 3983 1428 4050 ᾗ

327 4080 451 4145 tenuior,
464 4076 660 4150 quadamtenus
672 4083 796 4144 striatas,
816 4101 958 4150 nervosus,
971 4087 1070 4140 coloris
1083 4087 1222 4150 herbacei,
1239 4091 1302 4144 circa
1313 4081 1372 4138 basin
1426 4093 1428 4112 ¹
