2925 5009
374 491 570 560 'cisen
604 491 755 560 xvur.
1041 484 1107 574 34·

64 617 135 706 Qus
147 641 222 714 pers
242 617 338 690 linere
358 619 495 692 fueritis
516 621 656 718 pedibus
673 620 818 704 umbrie,
848 619 1018 690 meridiem
1037 645 1110 715 spe·

61 725 235 809 rumine
249 739 389 796 ventum
396 729 555 798 Austrum
570 727 679 814 debit,
691 751 791 823 quem
806 751 827 796 a
841 727 969 798 Graccis
983 727 1110 798 Notum

60 825 187 900 dicimus
202 833 329 902 vocari.
350 829 445 904 Illinc
466 833 547 902 flatu
561 835 734 920 veniente,
750 832 941 920 materiam,
962 834 1110 904 vineam·
1129 843 1146 896 ³

59 957 127 1028 (pse,
145 935 310 1032 agn'oolu,
333 961 376 1007 ne
398 952 530 1010 tractes.
555 938 721 1010 Humidus
745 952 805 1009 aut
824 953 985 1009 sestuosue
1007 937 1112 1008 traliae

59 1054 108 1108 est.
118 1041 233 1112 Africa
249 1042 385 1138 quidem
399 1043 551 1116 incendia
565 1071 642 1116 cum
654 1046 831 1115 serenitate
843 1043 951 1114 affert.
963 1047 1004 1113 lu
1019 1045 1111 1114 hunc

58 1143 146 1216 lulise
146 1147 309 1278 palmites
317 1163 483 1245 spectent,
492 1151 551 1220 sed
565 1176 634 1221 non
649 1149 755 1247 plagae
765 1149 924 1220 arborum
936 1150 1108 1220 vitiumve.

59 1252 142 1322 llnuc
167 1254 283 1324 oliveti
296 1269 442 1326 metator
451 1256 675 1352 Vergiliarum
687 1255 881 1351 quatriduo,
894 1254 986 1326 huuc
994 1271 1112 1326 carest

59 1355 157 1428 insitor
176 1359 332 1446 calamis,
355 1363 561 1458 gemmisque
579 1361 776 1433 inoculator.
798 1365 853 1432 De
873 1363 945 1457 ipsa
967 1363 1110 1456 regionis

58 1461 116 1554 q'us
137 1465 218 1536 hore
242 1469 483 1562 praemonuisse
503 1471 689 1539 conueniet
714 1467 881 1538 Frondem
902 1467 1011 1536 media
1039 1466 1111 1555 die,

60 1567 229 1659 uhorator,
248 1597 296 1642 ne
327 1573 456 1644 credito.
486 1575 602 1664 Quum
627 1573 800 1644 meridiem
827 1572 943 1644 adesse
967 1575 1110 1658 senties,

58 1687 169 1768 pastor,
191 1693 308 1748 estate
326 1680 545 1751 contrahente
566 1705 601 1752 se
618 1680 754 1765 umbra,
773 1678 935 1774 pecudem
952 1677 1054 1750 asole
1073 1681 1107 1748 in

60 1801 147 1873 opem
176 1784 323 1880 cogito⁷.
362 1787 478 1875 Quum
513 1773 643 1856 aestnte⁸
669 1809 802 1881 pasces,
832 1785 868 1853 in
900 1785 1106 1854 occidentem
1126 1803 1142 1861 t

59 1901 151 1979 spectu
167 1905 244 1960 ante
262 1890 452 1978 meridiem,
465 1907 542 1987 post
561 1892 734 1962 meridiem
753 1891 787 1960 iu
805 1892 967 1960 orientem
986 1916 994 1958 ε
1012 1889 1109 1960 aliter

60 1995 192 2082 noxium,
209 1997 298 2066 sicut
318 1997 428 2066 hieme
448 2011 484 2066 et
502 1997 601 2068 rere⁹
623 1999 650 2067 si
673 2000 708 2067 in
729 1995 936 2065 rorulentum
957 1995 1107 2067 duceres.

59 2095 100 2166 lle
113 2115 223 2172 contin
249 2105 522 2198 septemtrionem
554 2104 685 2198 paveris
708 2126 809 2197 supra
835 2101 1004 2173 dictum¹⁰.
1030 2101 1109 2172 Clo·

61 2199 129 2273 dunt
154 2206 252 2295 ita¹¹,
283 2207 470 2303 lippiuntve
488 2209 532 2278 ab
551 2209 683 2292 alllatu,
704 2223 739 2277 et
760 2206 838 2277 alvo
866 2209 931 2277 cita
954 2223 1106 2302 pereunt.

61 2305 117 2396 Qui
129 2309 294 2384 lemiues¹¹
316 2315 447 2408 concipi
466 2313 578 2403 uoles,
599 2316 635 2384 in
653 2315 746 2384 hunc
763 2327 901 2382 uentum
921 2327 1109 2409 spectantes

61 2411 122 2484 iniri
137 2420 255 2515 cogito.

61 2617 265 2686 ”misisse
274 2632 393 2672 reserum
402 2619 474 2672 euim
485 2635 551 2690 prsi-
595 2631 622 2672 et
633 2635 711 2683 vere,
719 2617 1031 2688 nsetutinistesuporilsus
1040 2619 1109 2677 intre

62 2699 149 2758 mus
160 2694 186 2748 in
197 2709 280 2768 ceput
291 2697 464 2769 proximum,
477 2711 508 2752 ut
517 2717 551 2754 ex
594 2709 666 2770 septe
675 2697 873 2763 contineantur,
886 2695 952 2750 dum
967 2695 1025 2751 dies
1039 2699 1110 2752 areis

63 2781 89 2818 ⁸⁰
97 2774 222 2830 meludit.
235 2777 318 2830 Pur.
594 2775 717 2848 gelicidia
729 2775 855 2830 detrahat
873 2794 882 2830 z
902 2794 967 2828 uem
981 2778 1108 2848 prniuoes

94 2849 553 2928 6.Herre...qmtriduo.Quodequs·
594 2857 627 2910 iis
635 2855 822 2910 diebuslrerbe
830 2853 927 2926 pecudi
936 2854 1109 2926 gravedinem

65 2924 138 2982 fflwo
148 2933 246 3002 ep'mus
258 2935 309 2989 lib.
326 2935 423 3001 XVII,
435 2955 461 2988 s.
475 2936 509 2988 II.
594 2947 678 3001 creet,
690 2945 864 3006 ventremque
886 2935 1003 3006 proluit,
1024 2949 1075 2989 etc.
1091 2961 1104 2984 ·

94 3010 222 3076 pAEusse
241 3014 549 3078 mmdwesernbm
594 3013 666 3068 Vide
692 3027 720 3067 et
750 3031 809 3084 cap.
832 3010 848 3065 ⁵
875 3012 995 3087 ejusdem
1020 3014 1107 3082 lilsri3

63 3087 155 3150 ΗΠ
165 3111 181 3144 e
193 3095 243 3146 sole
255 3097 282 3147 ie
295 3112 371 3166 opaca
383 3093 473 3146 smus.
492 3092 551 3148 Ili·
595 3090 743 3148 Palladium
752 3109 864 3164 quoque
876 3093 896 3146 l.
910 3113 934 3147 c.
945 3091 1038 3149 nino.

66 3167 203 3226 recussi
215 3185 292 3227 retus
308 3171 408 3238 codex,
429 3199 442 3219 ι
452 3175 552 3228 AEstste
639 3189 681 3226 so.
687 3170 872 3241 Supmdietsm.
879 3173 1019 3226 Libentius
1028 3191 1107 3243 eguu-

65 3248 429 3318 minuuntur-olis,
438 3256 553 3324 pendes
594 3252 696 3316 verim,
708 3255 744 3303 sit
753 3251 897 3322 pradictum
909 3272 920 3306 .-
931 3251 1007 3324 qussi
1017 3251 1106 3312 dicet,

66 3318 169 3396 heperi
181 3328 282 3386 ducito.
297 3357 308 3380 ι
327 3331 408 3384 Prsn.
595 3327 745 3402 predoctus
759 3343 828 3393 esto,
853 3345 885 3386 ut
898 3349 958 3403 cup.
978 3350 1020 3402 sq.
1044 3332 1108 3398 Quo

98 3405 120 3458 Β·
138 3407 213 3477 (lm
238 3423 333 3465 aesmts.
351 3409 422 3463 Vide
445 3427 505 3482 ques
523 3410 553 3463 in
596 3410 668 3464 euim
688 3410 749 3464 loco
773 3407 802 3462 id
827 3422 889 3465 ente
908 3409 1028 3477 dixerit,
1051 3429 1108 3464 non

67 3494 114 3535 fin
126 3503 176 3540 rem
190 3487 306 3546 diximus
327 3490 375 3542 lib.
397 3487 480 3556 vm,
504 3488 552 3560 76.
596 3489 722 3544 occurrit.
736 3489 827 3542 IIssu.

67 3557 551 3636 merul-dium,1ib.xl11inuor.
640 3587 685 3623 rr.
698 3567 1109 3633 cuderetumeulosnimimm,

67 3641 137 3709 2¹3,
150 3663 207 3718 peg-
225 3667 287 3720 ¹7¹·
301 3649 393 3704 ltm.
596 3661 627 3702 ut
649 3647 698 3721 qui
719 3648 865 3701 nictatione
882 3647 1014 3701 laborent.
1041 3646 1108 3704 Inde

99 3721 196 3789 pSs'eut
213 3729 288 3782 lisere
300 3740 325 3780 st
338 3745 403 3782 uere.
423 3727 552 3781 Ilorbnm
595 3727 711 3782 fortassis
721 3724 1110 3798 Clodisgeusepudllomsnos

67 3789 351 3875 turpitudinum
363 3805 514 3877 gravedinis
525 3818 553 3860 et
595 3825 695 3861 nomen
710 3806 799 3860 truit-
811 3806 904 3860 Hsun.

70 3874 180 3948 ducite,
193 3905 247 3940 nou
255 3886 331 3941 fletui
339 3885 551 3956 septemtrionis,
639 3905 683 3939 rs.
705 3887 757 3956 Qui
771 3887 886 3952 sam
912 3882 1110 3952 scribendum,

68 3953 158 4015 ”lutri
167 3963 258 4020 hiemis
269 3967 392 4037 verisque
403 3965 553 4021 Columella
596 3965 677 4031 aQui
690 3983 778 4020 mares
796 3963 905 4036 concipi
926 3963 1014 4030 voles,
1025 3978 1076 4018 etc.
1094 3992 1107 4013 ι

70 4033 283 4109 llllnitlilsVII,
298 4063 357 4118 esp.
370 4045 396 4098 3.
417 4044 498 4098 Psrr.
513 4077 553 4089 -
596 4043 715 4117 alioquin
737 4044 888 4100 committes
908 4041 1026 4097 Plinium
1048 4061 1110 4098 euru

72 4107 553 4182 &timeatumloucitaltieme
596 4123 763 4192 columelli,
784 4137 812 4180 et
824 4121 898 4196 quod
922 4122 1029 4195 previus
1050 4134 1113 4190 est,

943 4213 1006 4302 22³
