2925 5009
537 466 689 533 LIBER
711 467 792 533 XX.
1127 456 1197 529 633

124 582 297 689 pellunt¹⁸.
319 597 491 665 Geniturre
509 597 746 676 abundantiam
766 593 1019 692 quoquomodo
1043 593 1198 661 haustum

125 702 219 770 lacit.
244 700 408 796 Verendis
432 703 667 773 amicissimum
677 701 713 792 ¹⁹,
738 704 806 773 sive
824 702 866 771 ad
885 700 1065 771 fovendum
1089 697 1199 767 radice

125 832 206 877 cum
223 808 303 877 vinu
320 821 438 893 cocta,
465 810 535 877 sive
551 812 695 878 contrita
715 811 749 878 in
770 808 844 878 oleo
871 808 1002 877 illitum.
1028 803 1126 875 Multi
1147 818 1199 873 tu·

125 912 279 983 moribus
287 927 321 983 et
329 911 513 1007 suggillatis
525 938 602 983 cum
615 938 692 984 cera
706 914 846 985 illinunt.
858 912 928 983 Et²⁰
936 911 1046 982 radice
1055 912 1090 979 in
1099 934 1199 981 succo

125 1016 181 1087 vel
206 1043 283 1087 cum
309 1018 407 1088 melle
431 1035 547 1089 contra
566 1022 658 1089 canis
679 1045 828 1090 morsum
851 1033 1001 1106 utuntur,
1028 1030 1062 1085 ct
1081 1029 1199 1085 contra

124 1120 344 1217 multipedam
360 1149 401 1193 ex
415 1125 504 1193 vino.
522 1127 830 1220 Hippomarathron
845 1126 887 1195 ad
900 1126 1011 1194 omnia
1027 1123 1200 1191 vehemen-

125 1229 202 1297 tius.
221 1228 410 1300 Calculns²¹
427 1233 593 1326 precipue
613 1231 724 1327 pellit:
740 1232 876 1326 prodest
893 1233 1010 1299 vesicae
1025 1254 1102 1298 curn
1120 1228 1199 1295 vino
1218 1240 1234 1293 3

124 1332 244 1417 leni²²,
268 1350 304 1404 ct
320 1336 519 1405 seminarum
543 1340 719 1407 menstruis
736 1338 947 1407 haerentibus.
971 1334 1147 1405 Efficacius
1166 1332 1199 1400 in

124 1464 168 1508 eo
187 1464 320 1527 semen,
337 1464 438 1535 quam
460 1442 574 1511 radix:
592 1443 712 1513 modus
729 1444 764 1511 in
779 1460 940 1537 utroque,
962 1440 1052 1536 quod
1070 1438 1200 1508 duobus

124 1543 239 1639 digitis
252 1548 368 1615 tritum
379 1546 513 1616 additur
524 1550 557 1615 in
572 1550 756 1643 potionem.
773 1549 963 1635 Petrichus,
977 1548 1033 1641 qui
1048 1545 1200 1640 Ophiaca

126 1653 279 1745 scripsit,
298 1666 332 1721 et
357 1643 531 1737 Micton²³,
548 1657 605 1747 qui
620 1654 929 1740 rlrizotomumena,
950 1652 1108 1721 adversus
1127 1674 1200 1719 ser·

127 1771 248 1849 pentes
266 1754 350 1825 nilril
363 1757 640 1852 hippomarathro
657 1761 828 1831 efficacius
847 1775 1017 1855 putavere.
1034 1746 1153 1827 Sane²⁴
1166 1769 1200 1823 ct

132 1860 303 1931 Nicander
320 1888 388 1931 non
404 1864 439 1931 in
457 1864 643 1935 novissimis
660 1868 780 1961 posuit.

180 1969 323 2037 XCVII.
347 1969 515 2038 Cannabis
537 1971 571 2038 in
593 1970 864 2066 silvis¹'primum
887 1985 965 2039 nata
984 1982 1050 2055 est,
1073 1967 1199 2061 nigrior
1220 2000 1230 2033 ι

126 2071 230 2157 foliis,
243 2088 278 2141 et
295 2076 454 2167 asperior.
471 2074 612 2146 Semen²
627 2077 697 2170 ejus
715 2078 924 2171 exstinguere
946 2076 1130 2168 genituram
1146 2072 1198 2139 vi-

130 2204 247 2249 rorum
264 2178 393 2247 dicitur.
409 2166 552 2249 Succus³
564 2206 605 2251 ex
617 2207 659 2251 eo
675 2180 876 2251 vermiculos
889 2182 1037 2264 aurium,
1051 2194 1085 2247 et
1099 2176 1200 2273 quod·

127 2309 273 2379 cumque
287 2282 408 2354 animal
425 2286 618 2374 intraverit,
635 2288 739 2383 ejicit,
756 2288 813 2357 sed
834 2312 909 2357 cum
932 2285 1046 2356 dolore
1067 2286 1198 2379 capitis:

177 2516 222 2568 18.
238 2515 354 2569 Catulos
374 2517 461 2568 vesica
478 2516 582 2585 pellunt.
603 2520 643 2571 De
686 2520 786 2572 temtor
813 2520 935 2589 pupdtpcu
959 2518 1097 2577 πολυαυξία
1123 2516 1198 2587 ῥίζαν.

126 2594 350 2666 hippomenthro
360 2592 390 2646 id
403 2594 492 2649 Dices.
506 2596 576 2648 Du.
689 2624 700 2645 ι
717 2595 773 2650 Aut
786 2615 894 2667 magnae
908 2595 1016 2667 pendis
1027 2594 1129 2648 redires
1140 2594 1200 2665 hip-

172 2691 218 2741 ¹9·
240 2673 357 2725 Vereedir
382 2676 557 2727 aniensium.
584 2677 642 2729 Tu·
684 2677 860 2746 pomarethri.
876 2700 887 2721 ι
908 2677 1000 2728 Ilien.

127 2752 643 2826 mentihneridelieet,lrulceretie,prn-
724 2755 839 2808 xcvn.
857 2774 882 2808 ι.
900 2754 1032 2807 Cannabis.
1043 2751 1132 2805 Dioec.
1147 2753 1199 2816 lll,

126 2831 261 2904 riginosie
273 2831 377 2885 Dure.
689 2837 743 2888 166
758 2852 765 2887 ε
779 2832 907 2893 Κάνναὸις
931 2834 1004 2905 ἀγρία
1018 2831 1105 2885 ...τὰ
1122 2833 1199 2902 φύλλα

172 2912 269 2965 adlit.
283 2911 353 2964 Plin.
365 2911 481 2965 Val.l.c.
492 2912 545 2965 hoe
554 2912 643 2982 ipsum
685 2914 734 2981 12«.
744 2913 818 2983 ὅμοια
826 2918 858 2983 τῇ
867 2914 961 2983 diripe,
970 2914 1108 2982 τραχύτιμ
1116 2906 1147 2964 dl
1157 2913 1199 2963 καὶ

127 2989 213 3043 refert
221 2988 257 3042 de
269 2991 387 3055 seminer
402 2988 437 3043 de
451 2988 540 3044 radice
552 2989 642 3046 Dioec.
684 2992 831 3063 petdrrrpe.
846 2992 1035 3062 Ile-Nigrior,
1050 3005 1101 3045 etc.
1113 2989 1199 3045 Gron.

128 3069 173 3133 ΙΙ,
195 3071 243 3123 81.
256 3067 349 3121 llann.
359 3098 401 3113 ·-
414 3070 507 3122 dudm
522 3074 549 3122 in
563 3090 643 3125 rucco.
684 3072 862 3141 nr'griorefhlie
874 3083 899 3123 et
910 3076 1037 3142 ceperim.
1047 3072 1099 3123 En.

128 3148 193 3200 Ver.
204 3166 250 3219 ep.
264 3146 323 3200 Del.
335 3147 510 3202 mdicr'ssueeo.
521 3150 573 3203 En.
726 3169 753 3204 a.
769 3150 864 3203 Serere.
883 3152 972 3205 Diosc.
992 3150 1049 3215 111,
1073 3148 1145 3212 165,
1164 3146 1199 3201 de

171 3245 218 3281 ar.
234 3226 355 3281 catum
364 3228 452 3281 Dione.
463 3230 506 3293 11,
521 3230 576 3297 823
588 3228 643 3283 Ge·
684 3230 767 3283 satire
780 3230 907 3285 cannabi:
922 3231 1039 3284 Galenus
1048 3245 1155 3300 quoque
1166 3226 1200 3281 de

132 3305 210 3359 lenus
221 3305 240 3358 l.
251 3324 274 3359 e.
288 3306 380 3360 llann.
684 3308 746 3362 Fac.
761 3309 848 3381 simpl.
867 3308 937 3371 med.
952 3311 1021 3367 vn.
1034 3328 1063 3380 p.
1082 3310 1148 3371 184.
1164 3309 1199 3361 Η.

172 3403 219 3437 aa.
238 3385 330 3437 Vesicoe
344 3405 397 3438 enm
410 3388 470 3437 eino
484 3386 539 3438 leni.
552 3388 643 3441 Dione.
725 3387 752 3441 3.
776 3388 874 3441 Succur.
901 3390 942 3441 Ex
962 3388 1063 3442 recenti
1084 3388 1199 3453 semine,

128 3464 148 3515 1.
166 3482 191 3517 c.
204 3466 474 3535 trpenonpleelr'rrer.
489 3466 583 3520 Hann.
683 3466 773 3539 inquit
798 3468 887 3521 Diosc.
903 3480 1005 3539 etpost
1029 3485 1089 3521 eum
1105 3465 1199 3521 Galen.

172 3548 216 3596 23.
229 3544 330 3597 Micton.
344 3546 377 3597 ln
394 3544 471 3597 MSS.
484 3547 547 3616 aeg.
563 3546 642 3601 colb.
684 3546 712 3599 ll.
726 3564 766 3600 cc.
780 3559 843 3601 sunt
854 3547 899 3619 qui
914 3566 1021 3601 succum
1033 3549 1200 3618 expriment,

128 3632 157 3675 et
170 3620 220 3676 Clu
236 3622 360 3692 Myeeon:
377 3622 455 3675 mele.
464 3620 536 3677 Vide
554 3637 645 3678 auctu
683 3624 719 3680 ed
732 3627 837 3679 aurium
853 3625 977 3693 dolores,
994 3646 1026 3681 ex
1039 3625 1200 3679 obstructio·

127 3718 191 3753 rum
220 3701 350 3755 Iudicem.
388 3702 502 3755 Mietnni
535 3702 645 3757 interim
685 3723 737 3770 ne,
761 3718 791 3758 nt
810 3704 874 3758 mihi
896 3704 1005 3777 quidem
1025 3704 1144 3769 ridetur,
1166 3704 1198 3766 ὥς

130 3778 222 3833 Dione.
235 3781 394 3851 intingatur
407 3781 427 3832 l.
441 3800 468 3835 c.
488 3783 580 3836 Ilum.
601 3814 642 3825 -
685 3786 741 3855 lpol
762 3782 844 3847 decri,
859 3798 951 3849 nator,
969 3785 1200 3839 accommodatum

129 3858 219 3913 Gron.
229 3871 257 3912 et
269 3861 303 3913 el.
317 3860 431 3924 Mietr'on,
442 3872 470 3913 et
477 3862 559 3933 paulo
569 3875 640 3930 ente,
685 3865 808 3917 maxime.
817 3866 851 3917 At
862 3864 933 3935 Ptin,
947 3865 1041 3919 Veler.
1056 3864 1086 3928 1,
1108 3882 1157 3927 ro,
1173 3876 1201 3917 et

129 3938 264 3992 Petridiur.
276 3939 328 3993 En.
685 3943 769 3996 Marc.
778 3944 856 4016 Emp.
868 3962 925 4015 cap.
936 3962 1028 4005 cxxvi,
1037 3962 1116 4006 cxxx,
1128 3944 1200 3996 hunc

172 4026 219 4082 ’l-
231 4019 305 4072 Sane.
319 4020 399 4073 Nunc
409 4020 507 4091 legitur
518 4022 547 4073 in
558 4021 640 4074 Ther.
685 4022 766 4076 Plinii
780 4022 869 4076 locum
885 4042 989 4077 summa
1005 4022 1058 4075 fide
1074 4022 1199 4081 transcri-

129 4114 158 4168 p.
171 4096 222 4161 43.
236 4096 363 4153 adversus
375 4112 527 4171 serpentes:
546 4090 581 4153 tlt
598 4100 641 4154 sel
685 4104 767 4167 bunt,
781 4115 806 4156 et
819 4122 868 4157 suo
880 4102 1028 4157 defenduut
1040 4103 1151 4157 calculo.
1165 4102 1199 4155 II.
