2925 5009
474 451 629 518 LIBER
660 451 792 518 xvii.
1029 541 1032 544 ῃ
1093 477 1160 524 tar

33 584 39 673 J
101 575 282 646 animalium
304 579 448 675 injurias
461 581 604 676 pariete,
624 579 677 650 vel
693 607 792 678 sepe,
805 580 859 652 vel
876 582 1038 652 fossarum
1051 586 1165 680 utique

95 681 255 775 impendio
273 688 403 756 muniri
424 712 460 756 se
478 702 586 782 cogat.

139 789 179 855 Iu
195 789 360 862 arbusto¹
392 819 411 863 e
438 793 604 888 praedictis
625 793 695 866 oola
715 793 933 866 viviradieum
954 798 1055 884 ratio,
1082 800 1162 868 item
1180 815 1212 872 tr

92 897 334 989 propaginum,
356 914 392 970 et
410 900 483 972 haro
501 902 653 995 gemina,
677 916 716 971 ut
731 901 886 970 diximus}-
903 901 1106 990 Qualorum'
1127 907 1162 974 in

24 1000 29 1021 '
92 999 158 1092 ipso
172 1001 333 1076 tabulato
357 1008 501 1076 maxime
521 1007 682 1102 probata,
711 1007 867 1102 quoniam
888 1031 908 1076 a
927 1032 1048 1102 pecore
1067 1013 1161 1082 tutis·

90 1106 165 1177 sima
181 1124 243 1178 est.
259 1097 412 1194 Altera³,
425 1111 553 1182 deflexa
567 1114 653 1199 vite,
663 1111 716 1183 vel
734 1112 870 1210 palmite
884 1113 978 1207 juxta
999 1139 1093 1184 suam
1109 1141 1161 1186 ar·

89 1209 219 1303 horem,
231 1231 296 1286 aut
317 1219 405 1290 circa
417 1221 602 1313 proximam
617 1206 800 1290 conlibem⁴.
811 1219 913 1309 Quod
925 1244 1026 1317 supra
1038 1235 1161 1294 terram

89 1332 135 1386 est
153 1344 172 1388 e
194 1337 332 1408 matre,
351 1325 423 1394 radi
437 1325 585 1418 jubetur,
598 1350 641 1394 ne
659 1326 803 1398 fruticet.
823 1329 865 1394 In
885 1341 974 1396 terra
991 1353 1060 1397 uon
1077 1353 1161 1422 pau·

88 1423 189 1494 ciores
203 1451 354 1521 gemmae
367 1445 512 1526 quatuor
525 1431 714 1502 obruuntur
728 1431 771 1501 ad
789 1430 936 1502 radicem
949 1433 1160 1528 capiendam:

15 1586 16 1593 ,
87 1544 176 1600 extra
193 1532 230 1602 iu
249 1539 364 1632 capite
385 1537 472 1606 binae
489 1537 730 1632 relinquuntur.
751 1523 860 1608 Viti?
876 1539 913 1606 iu
933 1539 1069 1610 arbusto
1085 1564 1163 1634 qua·

89 1646 161 1705 tuor
176 1639 287 1734 pedes
299 1645 335 1712 in
345 1641 445 1738 longo
455 1658 600 1730 constat,
614 1646 705 1714 omni
716 1642 810 1713 sulco
822 1658 891 1714 tres
904 1643 1066 1732 lato‚alto
1078 1645 1162 1716 duos

87 1763 161 1810 rum
179 1748 367 1844 semipede.
385 1750 466 1820 Post
479 1739 606 1820 annum
625 1774 776 1846 propago
795 1751 952 1820 inciditur
972 1750 1016 1821 ad
1037 1749 1163 1822 medrrl·

88 1843 219 1932 lam,ut
237 1853 401 1950 paulatim
414 1855 580 1926 radicibus
598 1857 665 1926 suis
681 1870 849 1926 assuescat
862 1883 870 1924 ι
884 1841 1007 1927 mulir⁶
1020 1881 1041 1926 a
1053 1859 1162 1952 eapite

15 1983 16 1994 ¹
79 1953 233 2030 adduas
252 1985 402 2054 gemmas
425 1961 598 2032 reciditur:
614 1963 714 2031 tertio
737 1975 827 2032 totus
848 1987 982 2057 mergus
998 1963 1162 2034 abscindi·

15 2135 16 2138 ,
89 2071 154 2146 tur,
175 2068 418 2162 reponiturque
432 2066 529 2137 altius
542 2069 578 2136 in
591 2082 738 2154 terram,
760 2093 803 2136 ne
821 2093 863 2138 ex
876 2070 982 2138 reciso
999 2069 1161 2140 frondeat

91 2165 174 2236 Tolli
194 2172 359 2242 viviradix
381 2197 401 2242 a
424 2174 590 2243 vindemia
610 2175 762 2269 protinus
783 2173 891 2243 debet

134 2355 159 2391 r.
173 2341 206 2392 ln
217 2341 326 2396 arbusto.
343 2344 429 2410 Vitio,
442 2345 549 2416 iuquit,
574 2345 604 2398 iu
650 2343 754 2416 spatio,
763 2357 941 2408 termentum,
956 2343 1031 2416 quod
1044 2345 1163 2399 &urum

95 2415 218 2486 wbmto,
233 2419 379 2477 viviradioe
389 2437 492 2478 tantum
503 2437 530 2480 et
543 2442 606 2495 pro·
649 2435 701 2490 eet,
711 2422 815 2477 redioee
822 2423 998 2478 creabitiutra
1008 2423 1162 2496 predictam

97 2497 189 2566 mine
216 2501 335 2568 aeritur,
369 2503 516 2574 propagine
543 2503 604 2576 qui·
648 2503 973 2559 oorbiculem.Tuueenb
994 2503 1081 2559 fundo
1101 2525 1162 2560 oot-

97 2570 155 2628 dem
168 2581 291 2650 gemina,
313 2599 393 2654 quem
407 2601 466 2654 oep.
487 2602 501 2636 a
522 2583 605 2656 expli·
648 2582 690 2636 bio
704 2583 819 2638 ineieurn
836 2583 984 2637 radicatum
997 2597 1162 2639 armentum

98 2655 204 2712 mirum.
216 2658 310 2714 flauo.
649 2679 711 2716 cum
725 2663 783 2733 ipen
796 2663 879 2716 corbe
894 2662 1045 2733 portabitur
1063 2661 1099 2716 ad
1120 2663 1162 2719 lo·

134 2755 160 2788 a.
176 2739 317 2810 Quadorum
332 2740 521 2812 subintellige,
533 2743 603 2796 ratio
648 2758 726 2804 cum,
739 2759 821 2814 quem
838 2742 939 2796 ritibus
958 2741 1101 2796 arbustiria
1112 2740 1161 2796 de·

97 2811 347 2891 urempropugandi
362 2837 412 2891 per
430 2821 524 2892 qualos
540 2841 602 2893 per·
647 2820 757 2874 sonabis
773 2821 899 2891 implere,
922 2819 1013 2891 ibique
1031 2820 1161 2874 obruetur

99 2901 180 2961 tum,
202 2899 331 2969 explieata
348 2917 364 2953 a
382 2901 460 2953 nobie
479 2918 537 2971 oep.
554 2919 600 2955 21.
647 2898 1159 2955 oirrnarborierneritaudurediwll.

99 2969 307 3032 limentinum
320 2979 423 3051 optime
434 2979 568 3034 Palladius
580 2981 600 3035 l.
687 2979 713 3030 3.
730 2979 830 3034 Altero.
848 2979 941 3033 Altera
959 2977 1078 3032 uerenda
1097 2981 1160 3034 ritis

98 3051 484 3125 edocithiuusssteiotiud,
501 3059 602 3132 iuquit,
645 3057 788 3111 arbustive
798 3059 879 3111 ratio.
893 3057 986 3112 flauo.
1048 3079 1051 3084 ·

99 3127 130 3183 de
152 3136 330 3192 mouenda
357 3157 389 3192 ex
414 3139 522 3192 arbueto
546 3140 601 3194 rite
687 3142 714 3202 4.
732 3137 854 3191 calibem.
879 3138 933 3192 Cui
957 3137 1080 3191 maritate
1098 3138 1160 3192 vitis

99 3214 290 3284 mmpeudinru.
302 3216 389 3271 Fitex
407 3217 507 3272 vimine
518 3236 601 3289 perra
645 3215 913 3270 nullarit.vidua1u
928 3217 998 3271 infre
1011 3229 1097 3272 vocat.
1123 3218 1158 3272 Η.

98 3291 393 3350 ωτδίωῐι...Ηωοεά
403 3297 542 3360 arborem,
555 3299 600 3352 oui
687 3295 714 3349 5.
740 3296 806 3349 Vitis
828 3302 854 3349 a'rr
877 3297 983 3349 musto.
999 3298 1057 3350 Viti
1071 3298 1100 3350 iu
1116 3317 1159 3350 er·

98 3369 153 3424 viris
166 3373 285 3438 inheret,
303 3376 389 3429 fertur
406 3394 412 3428 ι
430 3389 457 3428 et
470 3377 500 3429 iu
522 3377 600 3431 fundi
643 3373 722 3428 burto
741 3376 966 3430 retenduntur
989 3391 1113 3448 paratur,
1128 3378 1158 3430 iu

98 3449 174 3502 mdia
187 3466 260 3522 parte
274 3454 460 3525 pertunditur,
477 3475 533 3530 quo
544 3475 600 3511 aar·
644 3467 760 3526 quatuor
776 3453 858 3526 peden
873 3455 984 3526 longui,
999 3455 1028 3508 iu
1047 3467 1102 3509 tree
1122 3458 1159 3510 al·

98 3531 281 3604 mentivirgam
294 3532 539 3605 pontiadminere.
553 3538 599 3590 In.
644 3543 703 3599 tur,
730 3533 761 3586 in
784 3531 1003 3606 dupondiumet
1024 3536 1157 3590 nminem

100 3603 172 3662 ducto
185 3609 272 3684 itaque
292 3626 427 3667 rui-mento
449 3614 510 3668 viti·
524 3617 599 3687 ejus,
643 3611 727 3679 letne,
751 3613 839 3685 inquit
860 3613 966 3667 Colum.
980 3613 1030 3668 lib.
1043 3613 1078 3668 de
1090 3617 1155 3670 asu

102 3682 131 3738 de
145 3693 346 3760 quatramferre
358 3692 494 3766 dimonia,
509 3695 598 3749 corbi·
643 3709 701 3765 cap.
715 3696 814 3756 16,ex
829 3710 884 3764 quo
894 3693 1067 3764 corrigendus
1077 3695 1156 3748 Plinii
1195 3741 1200 3749 .

102 3766 153 3820 eolo
170 3769 224 3840 ipre
242 3791 274 3825 ex
298 3773 386 3845 alique
408 3775 511 3828 arboris
522 3788 599 3848 perte
642 3771 717 3826 loeus
724 3771 842 3837 videtur,
854 3790 885 3825 ae
896 3771 1080 3844 permutandae
1089 3774 1157 3828 inri-

102 3848 265 3917 suspenditur,
277 3865 305 3906 et
318 3855 378 3906 vire
387 3867 457 3908 terra
468 3855 598 3927 repletur,
642 3869 701 3904 cem
713 3849 863 3906 latitudini·
876 3850 1076 3923 altitudinisque
1085 3872 1157 3907 meu·

102 3935 126 3976 ut
137 3943 291 3985 urmeutum
303 3945 373 3986 terra
386 3935 466 4004 possit
477 3933 598 3998 includi,
644 3949 712 3985 euru
721 3949 728 3984 ε
737 3931 789 3985 uiri
801 3930 903 3985 diverte
915 3931 1154 3988 retinentium

101 4005 162 4072 quud
179 4023 340 4065 sarmentum
372 4013 448 4083 prino
465 4013 602 4086 intorque-
644 4011 781 4065 habentur.
796 4009 888 4065 tum.

99 4095 142 4137 tur.
163 4089 217 4156 lta,
238 4103 334 4145 exacto
360 4092 442 4145 annui
474 4094 600 4164 temporie
686 4094 712 4146 6.
730 4091 822 4146 cauta
835 4090 947 4146 Pelinna.
962 4089 1053 4144 llario.
