<?xml version="1.0" encoding="UTF-8"?>
<!DOCTYPE html PUBLIC "-//W3C//DTD XHTML 1.0 Transitional//EN"
    "http://www.w3.org/TR/xhtml1/DTD/xhtml1-transitional.dtd">
<html xmlns="http://www.w3.org/1999/xhtml" xml:lang="en" lang="en">
 <head>
  <title>
</title>
<meta http-equiv="Content-Type" content="text/html;charset=utf-8" />
  <meta name='ocr-system' content='tesseract 3.04.00' />
  <meta name='ocr-capabilities' content='ocr_page ocr_carea ocr_par ocr_line ocrx_word'/>
</head>
<body>
  <div class='ocr_page' id='page_1' title='image "./caiipliniisecun02unkngoog_0299.png"; bbox 0 0 2925 5009; ppageno 0'>
   <div class='ocr_carea' id='block_1_1' title="bbox 327 446 1127 520">
    <p class='ocr_par' dir='ltr' id='par_1_1' title="bbox 327 446 1127 520">
     <span class='ocr_line' id='line_1_1' title="bbox 327 446 1127 520; baseline 0 -4"><span class='ocrx_word' id='word_1_1' title='bbox 327 446 399 518; x_wconf 73' lang='lat'>286</span> <span class='ocrx_word' id='word_1_2' title='bbox 596 449 634 519; x_wconf 89' lang='lat' dir='ltr'>C.</span> <span class='ocrx_word' id='word_1_3' title='bbox 661 449 830 520; x_wconf 81' lang='lat' dir='ltr'>PLlNlI</span> <span class='ocrx_word' id='word_1_4' title='bbox 855 449 963 520; x_wconf 85' lang='lat' dir='ltr'>NAT.</span> <span class='ocrx_word' id='word_1_5' title='bbox 991 449 1127 518; x_wconf 85' lang='lat' dir='ltr'>HIST.</span> 
     </span>
    </p>
   </div>
   <div class='ocr_carea' id='block_1_2' title="bbox 284 578 1395 2484">
    <p class='ocr_par' dir='ltr' id='par_1_2' title="bbox 284 578 1395 2484">
     <span class='ocr_line' id='line_1_2' title="bbox 325 578 1395 678; baseline 0.005 -28"><span class='ocrx_word' id='word_1_6' title='bbox 325 581 557 675; x_wconf 76' lang='lat' dir='ltr'>aequinoctium</span> <span class='ocrx_word' id='word_1_7' title='bbox 572 582 722 650; x_wconf 75' lang='lat' dir='ltr'><strong>autumni</strong></span> <span class='ocrx_word' id='word_1_8' title='bbox 737 578 1098 668; x_wconf 76' lang='lat' dir='ltr'>conficeretur‚’l&#39;liules</span> <span class='ocrx_word' id='word_1_9' title='bbox 1105 581 1265 676; x_wconf 80' lang='lat' dir='ltr'>vigesinm</span> <span class='ocrx_word' id='word_1_10' title='bbox 1275 587 1395 678; x_wconf 73' lang='lat' dir='ltr'>quiinto</span> 
     </span>
     <span class='ocr_line' id='line_1_3' title="bbox 325 686 1395 782; baseline 0.005 -27"><span class='ocrx_word' id='word_1_11' title='bbox 325 686 439 757; x_wconf 80' lang='lat' dir='ltr'>diceb</span> <span class='ocrx_word' id='word_1_12' title='bbox 458 688 675 782; x_wconf 75' lang='lat' dir='ltr'>aequinoctio,</span> <span class='ocrx_word' id='word_1_13' title='bbox 696 686 943 757; x_wconf 77' lang='lat' dir='ltr'>Anaximander</span> <span class='ocrx_word' id='word_1_14' title='bbox 959 689 1121 782; x_wconf 79' lang='lat' dir='ltr'>vigesimo</span> <span class='ocrx_word' id='word_1_15' title='bbox 1143 711 1254 777; x_wconf 91' lang='lat' dir='ltr'>nono,</span> <span class='ocrx_word' id='word_1_16' title='bbox 1272 692 1395 762; x_wconf 85' lang='lat' dir='ltr'>Eucte-</span> 
     </span>
     <span class='ocr_line' id='line_1_4' title="bbox 290 791 1392 889; baseline 0.007 -29"><span class='ocrx_word' id='word_1_17' title='bbox 290 811 307 860; x_wconf 86' lang='lat' dir='ltr'>s</span> <span class='ocrx_word' id='word_1_18' title='bbox 326 817 406 864; x_wconf 79' lang='lat' dir='ltr'>neon</span> <span class='ocrx_word' id='word_1_19' title='bbox 418 791 442 832; x_wconf 80' lang='lat'>¹⁹</span> <span class='ocrx_word' id='word_1_20' title='bbox 464 815 589 864; x_wconf 80' lang='lat' dir='ltr'>xuvnr.</span> <span class='ocrx_word' id='word_1_21' title='bbox 608 817 612 824; x_wconf 91' lang='lat'><em>·</em></span> <span class='ocrx_word' id='word_1_22' title='bbox 633 794 704 864; x_wconf 84' lang='lat' dir='ltr'>Nos</span> <span class='ocrx_word' id='word_1_23' title='bbox 734 817 912 889; x_wconf 84' lang='lat' dir='ltr'>sequemur</span> <span class='ocrx_word' id='word_1_24' title='bbox 940 793 1208 864; x_wconf 70' lang='lat' dir='ltr'>obaervetionem</span> <span class='ocrx_word' id='word_1_25' title='bbox 1237 797 1392 867; x_wconf 60' lang='lat' dir='ltr'>Canis:</span> 
     </span>
     <span class='ocr_line' id='line_1_5' title="bbox 323 898 1393 972; baseline 0.002 -2"><span class='ocrx_word' id='word_1_26' title='bbox 323 901 466 970; x_wconf 74' lang='lat' dir='ltr'>maxime</span> <span class='ocrx_word' id='word_1_27' title='bbox 482 900 555 970; x_wconf 75' lang='lat' dir='ltr'>hoo</span> <span class='ocrx_word' id='word_1_28' title='bbox 576 900 641 969; x_wconf 89' lang='lat' dir='ltr'>erit</span> <span class='ocrx_word' id='word_1_29' title='bbox 654 898 759 970; x_wconf 67' lang='lat' dir='ltr'>ltaliae</span> <span class='ocrx_word' id='word_1_30' title='bbox 775 901 869 970; x_wconf 82' lang='lat' dir='ltr'>ratio.</span> <span class='ocrx_word' id='word_1_31' title='bbox 886 900 1048 970; x_wconf 76' lang='lat' dir='ltr'><strong>Dicemus</strong></span> <span class='ocrx_word' id='word_1_32' title='bbox 1067 913 1181 970; x_wconf 72' lang='lat' dir='ltr'>minen</span> <span class='ocrx_word' id='word_1_33' title='bbox 1201 916 1235 971; x_wconf 89' lang='lat' dir='ltr'>et</span> <span class='ocrx_word' id='word_1_34' title='bbox 1251 901 1393 972; x_wconf 83' lang='lat' dir='ltr'>aliorum</span> 
     </span>
     <span class='ocr_line' id='line_1_6' title="bbox 323 1005 1392 1101; baseline 0.001 -26"><span class='ocrx_word' id='word_1_35' title='bbox 323 1005 468 1101; x_wconf 81' lang='lat' dir='ltr'>placitu:</span> <span class='ocrx_word' id='word_1_36' title='bbox 489 1010 646 1101; x_wconf 81' lang='lat' dir='ltr'>quonium</span> <span class='ocrx_word' id='word_1_37' title='bbox 663 1029 732 1075; x_wconf 92' lang='lat' dir='ltr'>non</span> <span class='ocrx_word' id='word_1_38' title='bbox 751 1006 848 1076; x_wconf 88' lang='lat' dir='ltr'>unius</span> <span class='ocrx_word' id='word_1_39' title='bbox 865 1020 977 1094; x_wconf 77' lang='lat' dir='ltr'>terne,</span> <span class='ocrx_word' id='word_1_40' title='bbox 998 1005 1058 1075; x_wconf 86' lang='lat' dir='ltr'>sed</span> <span class='ocrx_word' id='word_1_41' title='bbox 1079 1009 1184 1077; x_wconf 89' lang='lat' dir='ltr'>totius</span> <span class='ocrx_word' id='word_1_42' title='bbox 1202 1023 1321 1078; x_wconf 72' lang='lat' dir='ltr'>neuere</span> <span class='ocrx_word' id='word_1_43' title='bbox 1332 1011 1392 1078; x_wconf 88' lang='lat' dir='ltr'>in·</span> 
     </span>
     <span class='ocr_line' id='line_1_7' title="bbox 323 1105 1394 1208; baseline 0.002 -26"><span class='ocrx_word' id='word_1_44' title='bbox 323 1126 484 1208; x_wconf 85' lang='lat' dir='ltr'>terpretes</span> <span class='ocrx_word' id='word_1_45' title='bbox 500 1135 614 1183; x_wconf 88' lang='lat' dir='ltr'>sumus</span> <span class='ocrx_word' id='word_1_46' title='bbox 628 1139 638 1198; x_wconf 88' lang='lat'>;</span> <span class='ocrx_word' id='word_1_47' title='bbox 660 1137 730 1182; x_wconf 90' lang='lat' dir='ltr'>non</span> <span class='ocrx_word' id='word_1_48' title='bbox 747 1114 940 1183; x_wconf 78' lang='lat' dir='ltr'>auctoribus</span> <span class='ocrx_word' id='word_1_49' title='bbox 957 1111 1073 1208; x_wconf 90' lang='lat' dir='ltr'>positis</span> <span class='ocrx_word' id='word_1_50' title='bbox 1095 1105 1153 1202; x_wconf 86' lang='lat' dir='ltr'>(id</span> <span class='ocrx_word' id='word_1_51' title='bbox 1172 1115 1259 1184; x_wconf 88' lang='lat' dir='ltr'>euim</span> <span class='ocrx_word' id='word_1_52' title='bbox 1272 1114 1394 1184; x_wconf 81' lang='lat' dir='ltr'>verbo·</span> 
     </span>
     <span class='ocr_line' id='line_1_8' title="bbox 324 1207 1393 1314; baseline 0.003 -26"><span class='ocrx_word' id='word_1_53' title='bbox 324 1243 397 1289; x_wconf 89' lang='lat' dir='ltr'>sum</span> <span class='ocrx_word' id='word_1_54' title='bbox 422 1207 496 1312; x_wconf 83' lang='lat' dir='ltr'>est)</span> <span class='ocrx_word' id='word_1_55' title='bbox 520 1218 579 1288; x_wconf 87' lang='lat' dir='ltr'>sed</span> <span class='ocrx_word' id='word_1_56' title='bbox 602 1219 819 1313; x_wconf 80' lang='lat' dir='ltr'>regionibus:</span> <span class='ocrx_word' id='word_1_57' title='bbox 844 1219 992 1314; x_wconf 81' lang='lat' dir='ltr'>legentes</span> <span class='ocrx_word' id='word_1_58' title='bbox 1013 1232 1142 1288; x_wconf 85' lang='lat' dir='ltr'>tentum</span> <span class='ocrx_word' id='word_1_59' title='bbox 1163 1223 1393 1308; x_wconf 71' lang='lat' dir='ltr'>miserint,</span> 
     </span>
     <span class='ocr_line' id='line_1_9' title="bbox 322 1324 1395 1421; baseline 0.002 -28"><span class='ocrx_word' id='word_1_60' title='bbox 322 1324 492 1395; x_wconf 79' lang='lat' dir='ltr'>brevitatis</span> <span class='ocrx_word' id='word_1_61' title='bbox 513 1327 638 1421; x_wconf 80' lang='lat' dir='ltr'>gretie,</span> <span class='ocrx_word' id='word_1_62' title='bbox 652 1347 757 1419; x_wconf 86' lang='lat' dir='ltr'>quum</span> <span class='ocrx_word' id='word_1_63' title='bbox 778 1326 886 1395; x_wconf 75' lang='lat' dir='ltr'>Attica</span> <span class='ocrx_word' id='word_1_64' title='bbox 906 1326 1077 1394; x_wconf 83' lang='lat' dir='ltr'>noniinete</span> <span class='ocrx_word' id='word_1_65' title='bbox 1096 1325 1214 1412; x_wconf 83' lang='lat' dir='ltr'>fuerit,</span> <span class='ocrx_word' id='word_1_66' title='bbox 1235 1326 1324 1397; x_wconf 87' lang='lat' dir='ltr'>simul</span> <span class='ocrx_word' id='word_1_67' title='bbox 1341 1328 1395 1396; x_wconf 86' lang='lat' dir='ltr'>in·</span> 
     </span>
     <span class='ocr_line' id='line_1_10' title="bbox 322 1428 1392 1528; baseline 0.002 -28"><span class='ocrx_word' id='word_1_68' title='bbox 322 1429 468 1528; x_wconf 84' lang='lat' dir='ltr'>telligere</span> <span class='ocrx_word' id='word_1_69' title='bbox 487 1428 649 1526; x_wconf 78' lang='lat' dir='ltr'>Cycladas</span> <span class='ocrx_word' id='word_1_70' title='bbox 661 1429 802 1516; x_wconf 82' lang='lat' dir='ltr'>insulus3</span> <span class='ocrx_word' id='word_1_71' title='bbox 821 1455 925 1526; x_wconf 87' lang='lat' dir='ltr'>quum</span> <span class='ocrx_word' id='word_1_72' title='bbox 941 1430 1156 1520; x_wconf 79' lang='lat' dir='ltr'>Macedonia,</span> <span class='ocrx_word' id='word_1_73' title='bbox 1170 1433 1392 1527; x_wconf 73' lang='lat' dir='ltr'>Magnesiam,</span> 
     </span>
     <span class='ocr_line' id='line_1_11' title="bbox 320 1527 1391 1633; baseline 0.003 -27"><span class='ocrx_word' id='word_1_74' title='bbox 320 1527 517 1624; x_wconf 58' lang='lat' dir='ltr'>Thracium}</span> <span class='ocrx_word' id='word_1_75' title='bbox 530 1561 633 1631; x_wconf 87' lang='lat' dir='ltr'>quum</span> <span class='ocrx_word' id='word_1_76' title='bbox 647 1535 824 1633; x_wconf 80' lang='lat' dir='ltr'>AEgyptus,</span> <span class='ocrx_word' id='word_1_77' title='bbox 833 1538 1026 1624; x_wconf 81' lang='lat' dir='ltr'>Phoenicen,</span> <span class='ocrx_word' id='word_1_78' title='bbox 1040 1540 1209 1632; x_wconf 80' lang='lat' dir='ltr'>Cyprum,</span> <span class='ocrx_word' id='word_1_79' title='bbox 1224 1539 1391 1628; x_wconf 70' lang='lat' dir='ltr'>Ciliciam,</span> 
     </span>
     <span class='ocr_line' id='line_1_12' title="bbox 320 1643 1393 1742; baseline 0.002 -30"><span class='ocrx_word' id='word_1_80' title='bbox 320 1667 424 1738; x_wconf 89' lang='lat' dir='ltr'>quum</span> <span class='ocrx_word' id='word_1_81' title='bbox 438 1645 583 1728; x_wconf 79' lang='lat' dir='ltr'>lloeotiu,</span> <span class='ocrx_word' id='word_1_82' title='bbox 599 1643 795 1731; x_wconf 77' lang='lat' dir='ltr'>Locridem,</span> <span class='ocrx_word' id='word_1_83' title='bbox 816 1643 1020 1730; x_wconf 79' lang='lat' dir='ltr'>Phocidem,</span> <span class='ocrx_word' id='word_1_84' title='bbox 1040 1658 1075 1713; x_wconf 86' lang='lat' dir='ltr'>et</span> <span class='ocrx_word' id='word_1_85' title='bbox 1091 1643 1251 1716; x_wconf 84' lang='lat' dir='ltr'>finitimos</span> <span class='ocrx_word' id='word_1_86' title='bbox 1264 1671 1393 1742; x_wconf 86' lang='lat' dir='ltr'>semper</span> 
     </span>
     <span class='ocr_line' id='line_1_13' title="bbox 319 1748 1391 1845; baseline 0.005 -27"><span class='ocrx_word' id='word_1_87' title='bbox 319 1763 463 1836; x_wconf 71' lang='lat' dir='ltr'>tructus,</span> <span class='ocrx_word' id='word_1_88' title='bbox 477 1773 580 1845; x_wconf 86' lang='lat' dir='ltr'>quum</span> <span class='ocrx_word' id='word_1_89' title='bbox 596 1748 849 1844; x_wconf 83' lang='lat' dir='ltr'>Hellespontus,</span> <span class='ocrx_word' id='word_1_90' title='bbox 862 1750 1130 1837; x_wconf 75' lang='lat' dir='ltr'>Cherronesum,</span> <span class='ocrx_word' id='word_1_91' title='bbox 1141 1767 1176 1821; x_wconf 87' lang='lat' dir='ltr'>et</span> <span class='ocrx_word' id='word_1_92' title='bbox 1192 1754 1391 1822; x_wconf 80' lang='lat' dir='ltr'>continentie</span> 
     </span>
     <span class='ocr_line' id='line_1_14' title="bbox 319 1857 1390 1951; baseline 0.003 -25"><span class='ocrx_word' id='word_1_93' title='bbox 319 1879 423 1951; x_wconf 77' lang='lat' dir='ltr'>neque</span> <span class='ocrx_word' id='word_1_94' title='bbox 436 1857 525 1925; x_wconf 90' lang='lat' dir='ltr'>Atho</span> <span class='ocrx_word' id='word_1_95' title='bbox 543 1870 689 1925; x_wconf 90' lang='lat' dir='ltr'>montem</span> <span class='ocrx_word' id='word_1_96' title='bbox 702 1881 711 1939; x_wconf 82' lang='lat'><em>3</em></span> <span class='ocrx_word' id='word_1_97' title='bbox 722 1879 826 1950; x_wconf 89' lang='lat' dir='ltr'>quum</span> <span class='ocrx_word' id='word_1_98' title='bbox 840 1857 954 1941; x_wconf 78' lang='lat' dir='ltr'>lonis,</span> <span class='ocrx_word' id='word_1_99' title='bbox 966 1858 1092 1942; x_wconf 80' lang='lat' dir='ltr'>Asiam,</span> <span class='ocrx_word' id='word_1_100' title='bbox 1107 1872 1142 1926; x_wconf 91' lang='lat' dir='ltr'>et</span> <span class='ocrx_word' id='word_1_101' title='bbox 1154 1858 1277 1928; x_wconf 84' lang='lat' dir='ltr'>insulus</span> <span class='ocrx_word' id='word_1_102' title='bbox 1290 1861 1390 1938; x_wconf 72' lang='lat' dir='ltr'>Asiae:</span> 
     </span>
     <span class='ocr_line' id='line_1_15' title="bbox 319 1960 1389 2058; baseline 0.004 -27"><span class='ocrx_word' id='word_1_103' title='bbox 319 1984 423 2056; x_wconf 87' lang='lat' dir='ltr'>quum</span> <span class='ocrx_word' id='word_1_104' title='bbox 440 1961 702 2057; x_wconf 80' lang='lat' dir='ltr'>Peloponnesus,</span> <span class='ocrx_word' id='word_1_105' title='bbox 718 1961 897 2047; x_wconf 80' lang='lat' dir='ltr'>Achaiam,</span> <span class='ocrx_word' id='word_1_106' title='bbox 911 1976 945 2031; x_wconf 90' lang='lat' dir='ltr'>et</span> <span class='ocrx_word' id='word_1_107' title='bbox 960 1960 1004 2032; x_wconf 85' lang='lat' dir='ltr'>nd</span> <span class='ocrx_word' id='word_1_108' title='bbox 1014 1962 1237 2058; x_wconf 83' lang='lat' dir='ltr'>Hesperum&#39;⁰</span> <span class='ocrx_word' id='word_1_109' title='bbox 1246 1967 1389 2058; x_wconf 72' lang='lat' dir='ltr'>jacentes</span> 
     </span>
     <span class='ocr_line' id='line_1_16' title="bbox 319 2067 1389 2164; baseline 0.003 -29"><span class='ocrx_word' id='word_1_110' title='bbox 319 2081 435 2137; x_wconf 85' lang='lat' dir='ltr'>terras.</span> <span class='ocrx_word' id='word_1_111' title='bbox 456 2067 603 2139; x_wconf 76' lang='lat' dir='ltr'>Cheldsei</span> <span class='ocrx_word' id='word_1_112' title='bbox 626 2069 793 2162; x_wconf 85' lang='lat' dir='ltr'>Assyriam</span> <span class='ocrx_word' id='word_1_113' title='bbox 814 2081 850 2136; x_wconf 89' lang='lat' dir='ltr'>et</span> <span class='ocrx_word' id='word_1_114' title='bbox 869 2067 1084 2164; x_wconf 81' lang='lat' dir='ltr'>Bubylouiam</span> <span class='ocrx_word' id='word_1_115' title='bbox 1106 2068 1389 2140; x_wconf 81' lang='lat' dir='ltr'>demonstxubunt.</span> 
     </span>
     <span class='ocr_line' id='line_1_17' title="bbox 284 2171 1388 2268; baseline 0.002 -24"><span class='ocrx_word' id='word_1_116' title='bbox 284 2199 299 2251; x_wconf 91' lang='lat'>7</span> <span class='ocrx_word' id='word_1_117' title='bbox 319 2173 487 2262; x_wconf 82' lang='lat' dir='ltr'>Africum,</span> <span class='ocrx_word' id='word_1_118' title='bbox 506 2175 702 2268; x_wconf 75' lang='lat' dir='ltr'>Hispanias,</span> <span class='ocrx_word' id='word_1_119' title='bbox 721 2171 847 2243; x_wconf 82' lang='lat' dir='ltr'>Gellius</span> <span class='ocrx_word' id='word_1_120' title='bbox 866 2173 954 2243; x_wconf 89' lang='lat' dir='ltr'>sileri</span> <span class='ocrx_word' id='word_1_121' title='bbox 968 2198 1039 2243; x_wconf 90' lang='lat' dir='ltr'>non</span> <span class='ocrx_word' id='word_1_122' title='bbox 1057 2178 1122 2244; x_wconf 87' lang='lat' dir='ltr'>erit</span> <span class='ocrx_word' id='word_1_123' title='bbox 1135 2177 1268 2246; x_wconf 88' lang='lat' dir='ltr'>mirum.</span> <span class='ocrx_word' id='word_1_124' title='bbox 1283 2178 1388 2246; x_wconf 87' lang='lat' dir='ltr'>Nemo</span> 
     </span>
     <span class='ocr_line' id='line_1_18' title="bbox 319 2279 1389 2376; baseline 0.004 -28"><span class='ocrx_word' id='word_1_125' title='bbox 319 2279 407 2348; x_wconf 88' lang='lat' dir='ltr'>enim</span> <span class='ocrx_word' id='word_1_126' title='bbox 422 2279 612 2350; x_wconf 84' lang='lat' dir='ltr'>observavit</span> <span class='ocrx_word' id='word_1_127' title='bbox 624 2279 660 2348; x_wconf 89' lang='lat' dir='ltr'>in</span> <span class='ocrx_word' id='word_1_128' title='bbox 675 2279 736 2364; x_wconf 92' lang='lat' dir='ltr'>iis,</span> <span class='ocrx_word' id='word_1_129' title='bbox 749 2281 807 2374; x_wconf 92' lang='lat' dir='ltr'>qui</span> <span class='ocrx_word' id='word_1_130' title='bbox 822 2279 968 2349; x_wconf 88' lang='lat' dir='ltr'>siderum</span> <span class='ocrx_word' id='word_1_131' title='bbox 984 2279 1142 2376; x_wconf 82' lang='lat' dir='ltr'>proderet</span> <span class='ocrx_word' id='word_1_132' title='bbox 1156 2297 1299 2354; x_wconf 85' lang='lat' dir='ltr'>exortus.</span> <span class='ocrx_word' id='word_1_133' title='bbox 1315 2287 1389 2352; x_wconf 82' lang='lat' dir='ltr'>Non</span> 
     </span>
     <span class='ocr_line' id='line_1_19' title="bbox 317 2383 1387 2484; baseline 0.002 -28"><span class='ocrx_word' id='word_1_134' title='bbox 317 2401 430 2456; x_wconf 65' lang='lat' dir='ltr'>umen</span> <span class='ocrx_word' id='word_1_135' title='bbox 439 2385 462 2412; x_wconf 86' lang='lat'>²¹</span> <span class='ocrx_word' id='word_1_136' title='bbox 481 2383 606 2455; x_wconf 87' lang='lat' dir='ltr'>difficili</span> <span class='ocrx_word' id='word_1_137' title='bbox 623 2387 751 2454; x_wconf 86' lang='lat' dir='ltr'>ratione</span> <span class='ocrx_word' id='word_1_138' title='bbox 764 2385 1003 2480; x_wconf 84' lang='lat' dir='ltr'>dignoscentur</span> <span class='ocrx_word' id='word_1_139' title='bbox 1018 2387 1052 2456; x_wconf 91' lang='lat' dir='ltr'>in</span> <span class='ocrx_word' id='word_1_140' title='bbox 1068 2385 1133 2458; x_wconf 91' lang='lat' dir='ltr'>illis</span> <span class='ocrx_word' id='word_1_141' title='bbox 1148 2413 1282 2484; x_wconf 86' lang='lat' dir='ltr'>quoque</span> <span class='ocrx_word' id='word_1_142' title='bbox 1297 2391 1387 2461; x_wconf 87' lang='lat' dir='ltr'>terris</span> 
     </span>
    </p>
   </div>
   <div class='ocr_carea' id='block_1_3' title="bbox 316 2490 1385 2803">
    <p class='ocr_par' dir='ltr' id='par_1_3' title="bbox 316 2490 1385 2803">
     <span class='ocr_line' id='line_1_20' title="bbox 317 2490 1385 2588; baseline 0.004 -28"><span class='ocrx_word' id='word_1_143' title='bbox 317 2491 499 2588; x_wconf 82' lang='lat' dir='ltr'>digestione</span> <span class='ocrx_word' id='word_1_144' title='bbox 519 2490 743 2575; x_wconf 88' lang='lat' dir='ltr'>circulorum,</span> <span class='ocrx_word' id='word_1_145' title='bbox 764 2515 865 2585; x_wconf 76' lang='lat' dir='ltr'>quarn</span> <span class='ocrx_word' id='word_1_146' title='bbox 878 2495 913 2560; x_wconf 93' lang='lat' dir='ltr'>in</span> <span class='ocrx_word' id='word_1_147' title='bbox 931 2507 1025 2562; x_wconf 89' lang='lat' dir='ltr'>sexto</span> <span class='ocrx_word' id='word_1_148' title='bbox 1046 2492 1220 2564; x_wconf 88' lang='lat' dir='ltr'>volumine</span> <span class='ocrx_word' id='word_1_149' title='bbox 1234 2496 1385 2566; x_wconf 82' lang='lat' dir='ltr'>lecimus:</span> 
     </span>
     <span class='ocr_line' id='line_1_21' title="bbox 316 2596 1384 2694; baseline 0.004 -28"><span class='ocrx_word' id='word_1_150' title='bbox 316 2623 382 2692; x_wconf 84' lang='lat' dir='ltr'>qua</span> <span class='ocrx_word' id='word_1_151' title='bbox 405 2598 560 2694; x_wconf 86' lang='lat' dir='ltr'>cognatio</span> <span class='ocrx_word' id='word_1_152' title='bbox 581 2596 671 2680; x_wconf 85' lang='lat' dir='ltr'>caeli,</span> <span class='ocrx_word' id='word_1_153' title='bbox 697 2622 767 2666; x_wconf 92' lang='lat' dir='ltr'>non</span> <span class='ocrx_word' id='word_1_154' title='bbox 787 2599 937 2692; x_wconf 80' lang='lat' dir='ltr'>gentium</span> <span class='ocrx_word' id='word_1_155' title='bbox 959 2599 1091 2687; x_wconf 92' lang='lat' dir='ltr'>modo,</span> <span class='ocrx_word' id='word_1_156' title='bbox 1117 2625 1237 2671; x_wconf 81' lang='lat' dir='ltr'>verum</span> <span class='ocrx_word' id='word_1_157' title='bbox 1260 2602 1384 2672; x_wconf 88' lang='lat' dir='ltr'>urbium</span> 
     </span>
     <span class='ocr_line' id='line_1_22' title="bbox 316 2701 1385 2803; baseline 0.002 -27"><span class='ocrx_word' id='word_1_158' title='bbox 316 2729 450 2800; x_wconf 87' lang='lat' dir='ltr'>quoque</span> <span class='ocrx_word' id='word_1_159' title='bbox 476 2701 680 2800; x_wconf 81' lang='lat' dir='ltr'>singularum</span> <span class='ocrx_word' id='word_1_160' title='bbox 703 2702 912 2800; x_wconf 78' lang='lat' dir='ltr'>intelligitur,</span> <span class='ocrx_word' id='word_1_161' title='bbox 932 2721 1012 2776; x_wconf 80' lang='lat' dir='ltr'>nota</span> <span class='ocrx_word' id='word_1_162' title='bbox 1034 2731 1077 2775; x_wconf 88' lang='lat' dir='ltr'>ex</span> <span class='ocrx_word' id='word_1_163' title='bbox 1094 2706 1147 2777; x_wconf 88' lang='lat' dir='ltr'>bis</span> <span class='ocrx_word' id='word_1_164' title='bbox 1165 2711 1287 2791; x_wconf 85' lang='lat' dir='ltr'>terris,</span> <span class='ocrx_word' id='word_1_165' title='bbox 1309 2733 1385 2803; x_wconf 83' lang='lat' dir='ltr'>ques</span> 
     </span>
    </p>
   </div>
   <div class='ocr_carea' id='block_1_4' title="bbox 272 2893 1385 4169">
    <p class='ocr_par' dir='ltr' id='par_1_4' title="bbox 272 2893 1385 4169">
     <span class='ocr_line' id='line_1_23' title="bbox 316 2893 1385 2970; baseline -0.003 -14"><span class='ocrx_word' id='word_1_166' title='bbox 316 2905 346 2962; x_wconf 80' lang='lat' dir='ltr'>iul</span> <span class='ocrx_word' id='word_1_167' title='bbox 358 2898 457 2969; x_wconf 62' lang='grc' dir='ltr'><strong>βίὲλοςι</strong></span> <span class='ocrx_word' id='word_1_168' title='bbox 469 2896 552 2970; x_wconf 86' lang='lat' dir='ltr'>idque</span> <span class='ocrx_word' id='word_1_169' title='bbox 563 2893 672 2950; x_wconf 86' lang='lat' dir='ltr'>Hesiodi</span> <span class='ocrx_word' id='word_1_170' title='bbox 683 2894 832 2966; x_wconf 71' lang='lat' dir='ltr'>genuinum</span> <span class='ocrx_word' id='word_1_171' title='bbox 876 2907 927 2968; x_wconf 87' lang='lat' dir='ltr'>ptn</span> <span class='ocrx_word' id='word_1_172' title='bbox 940 2897 1009 2950; x_wconf 82' lang='lat' dir='ltr'>retio</span> <span class='ocrx_word' id='word_1_173' title='bbox 1020 2909 1075 2962; x_wconf 89' lang='lat' dir='ltr'>eet,</span> <span class='ocrx_word' id='word_1_174' title='bbox 1086 2915 1141 2968; x_wconf 86' lang='lat' dir='ltr'>que</span> <span class='ocrx_word' id='word_1_175' title='bbox 1155 2897 1184 2952; x_wconf 91' lang='lat' dir='ltr'>id</span> <span class='ocrx_word' id='word_1_176' title='bbox 1195 2913 1334 2965; x_wconf 78' lang='lat' dir='ltr'>noeoeter,</span> <span class='ocrx_word' id='word_1_177' title='bbox 1343 2917 1385 2970; x_wconf 79' lang='lat' dir='ltr'>per</span> 
     </span>
     <span class='ocr_line' id='line_1_24' title="bbox 272 2973 1384 3054; baseline -0.004 -18"><span class='ocrx_word' id='word_1_178' title='bbox 272 2977 273 2980; x_wconf 60' lang='grc'>’</span> <span class='ocrx_word' id='word_1_179' title='bbox 315 2999 384 3054; x_wconf 86' lang='lat' dir='ltr'>opus</span> <span class='ocrx_word' id='word_1_180' title='bbox 404 2980 484 3035; x_wconf 81' lang='lat' dir='ltr'>luisse</span> <span class='ocrx_word' id='word_1_181' title='bbox 503 2975 680 3032; x_wconf 82' lang='lat' dir='ltr'>Cellimeehue</span> <span class='ocrx_word' id='word_1_182' title='bbox 699 2973 779 3029; x_wconf 82' lang='lat' dir='ltr'>docet</span> <span class='ocrx_word' id='word_1_183' title='bbox 803 2975 833 3028; x_wconf 85' lang='lat' dir='ltr'>in</span> <span class='ocrx_word' id='word_1_184' title='bbox 876 2989 1010 3048; x_wconf 76' lang='lat' dir='ltr'>segmento</span> <span class='ocrx_word' id='word_1_185' title='bbox 1031 2978 1132 3032; x_wconf 81' lang='lat' dir='ltr'>scilieet</span> <span class='ocrx_word' id='word_1_186' title='bbox 1155 2991 1183 3032; x_wconf 90' lang='lat' dir='ltr'>et</span> <span class='ocrx_word' id='word_1_187' title='bbox 1207 2981 1338 3044; x_wconf 60' lang='lat' dir='ltr'>cumton,</span> <span class='ocrx_word' id='word_1_188' title='bbox 1357 2991 1384 3031; x_wconf 83' lang='lat' dir='ltr'>m</span> 
     </span>
     <span class='ocr_line' id='line_1_25' title="bbox 316 3053 1385 3136; baseline -0.003 -20"><span class='ocrx_word' id='word_1_189' title='bbox 316 3054 611 3136; x_wconf 59' lang='lat' dir='ltr'>Epigremmeterquod</span> <span class='ocrx_word' id='word_1_190' title='bbox 622 3066 704 3108; x_wconf 78' lang='lat' dir='ltr'>exstet</span> <span class='ocrx_word' id='word_1_191' title='bbox 718 3053 746 3106; x_wconf 90' lang='lat' dir='ltr'>in</span> <span class='ocrx_word' id='word_1_192' title='bbox 757 3053 832 3108; x_wconf 78' lang='lat' dir='ltr'>Anti</span> <span class='ocrx_word' id='word_1_193' title='bbox 875 3069 915 3108; x_wconf 87' lang='lat' dir='ltr'>eet</span> <span class='ocrx_word' id='word_1_194' title='bbox 926 3075 942 3109; x_wconf 84' lang='lat' dir='ltr'>e</span> <span class='ocrx_word' id='word_1_195' title='bbox 953 3057 1033 3110; x_wconf 87' lang='lat' dir='ltr'>nobie</span> <span class='ocrx_word' id='word_1_196' title='bbox 1045 3059 1117 3111; x_wconf 88' lang='lat' dir='ltr'>libro</span> <span class='ocrx_word' id='word_1_197' title='bbox 1129 3071 1203 3112; x_wconf 74' lang='lat' dir='ltr'>mun</span> <span class='ocrx_word' id='word_1_198' title='bbox 1212 3073 1331 3113; x_wconf 77' lang='lat' dir='ltr'>extremo</span> <span class='ocrx_word' id='word_1_199' title='bbox 1339 3071 1385 3112; x_wconf 79' lang='lat' dir='ltr'>tre·</span> 
     </span>
     <span class='ocr_line' id='line_1_26' title="bbox 317 3132 1382 3212; baseline -0.004 -18"><span class='ocrx_word' id='word_1_200' title='bbox 317 3145 380 3208; x_wconf 82' lang='lat' dir='ltr'>vitu,</span> <span class='ocrx_word' id='word_1_201' title='bbox 393 3157 473 3212; x_wconf 82' lang='lat' dir='ltr'>quem</span> <span class='ocrx_word' id='word_1_202' title='bbox 485 3137 608 3192; x_wconf 75' lang='lat' dir='ltr'>Petreius</span> <span class='ocrx_word' id='word_1_203' title='bbox 623 3132 708 3188; x_wconf 86' lang='lat' dir='ltr'>edidit</span> <span class='ocrx_word' id='word_1_204' title='bbox 718 3133 748 3186; x_wconf 90' lang='lat' dir='ltr'>in</span> <span class='ocrx_word' id='word_1_205' title='bbox 761 3135 832 3188; x_wconf 80' lang='lat' dir='ltr'>Ure·</span> <span class='ocrx_word' id='word_1_206' title='bbox 874 3133 963 3190; x_wconf 75' lang='lat' dir='ltr'>diurni</span> <span class='ocrx_word' id='word_1_207' title='bbox 979 3153 986 3188; x_wconf 92' lang='lat'>:</span> <span class='ocrx_word' id='word_1_208' title='bbox 1006 3136 1080 3192; x_wconf 88' lang='lat' dir='ltr'>unde</span> <span class='ocrx_word' id='word_1_209' title='bbox 1100 3151 1127 3191; x_wconf 89' lang='lat' dir='ltr'>et</span> <span class='ocrx_word' id='word_1_210' title='bbox 1144 3139 1204 3192; x_wconf 70' lang='lat' dir='ltr'>celi</span> <span class='ocrx_word' id='word_1_211' title='bbox 1223 3139 1329 3193; x_wconf 81' lang='lat' dir='ltr'>bebitue</span> <span class='ocrx_word' id='word_1_212' title='bbox 1339 3177 1348 3205; x_wconf 94' lang='lat'>,</span> <span class='ocrx_word' id='word_1_213' title='bbox 1359 3149 1382 3190; x_wconf 83' lang='lat' dir='ltr'>et</span> 
     </span>
     <span class='ocr_line' id='line_1_27' title="bbox 317 3211 1382 3294; baseline -0.004 -19"><span class='ocrx_word' id='word_1_214' title='bbox 317 3221 443 3294; x_wconf 78' lang='lat' dir='ltr'>eulogio,</span> <span class='ocrx_word' id='word_1_215' title='bbox 457 3239 484 3292; x_wconf 94' lang='lat' dir='ltr'>p.</span> <span class='ocrx_word' id='word_1_216' title='bbox 505 3235 567 3288; x_wconf 81' lang='lat'>²7⁰·</span> <span class='ocrx_word' id='word_1_217' title='bbox 583 3218 624 3268; x_wconf 86' lang='lat' dir='ltr'>De</span> <span class='ocrx_word' id='word_1_218' title='bbox 639 3214 690 3266; x_wconf 85' lang='lat' dir='ltr'>bec</span> <span class='ocrx_word' id='word_1_219' title='bbox 705 3211 830 3279; x_wconf 82' lang='lat' dir='ltr'>Hesiodi,</span> <span class='ocrx_word' id='word_1_220' title='bbox 873 3215 974 3284; x_wconf 80' lang='lat' dir='ltr'>positio</span> <span class='ocrx_word' id='word_1_221' title='bbox 998 3235 1055 3270; x_wconf 88' lang='lat' dir='ltr'>non</span> <span class='ocrx_word' id='word_1_222' title='bbox 1077 3218 1199 3289; x_wconf 70' lang='lat' dir='ltr'>gentium</span> <span class='ocrx_word' id='word_1_223' title='bbox 1223 3219 1322 3286; x_wconf 85' lang='lat' dir='ltr'>modo,</span> <span class='ocrx_word' id='word_1_224' title='bbox 1342 3213 1382 3271; x_wconf 82' lang='lat' dir='ltr'>sed</span> 
     </span>
     <span class='ocr_line' id='line_1_28' title="bbox 316 3291 1381 3371; baseline -0.004 -15"><span class='ocrx_word' id='word_1_225' title='bbox 316 3301 486 3371; x_wconf 82' lang='lat' dir='ltr'>&#39;lbeletisque</span> <span class='ocrx_word' id='word_1_226' title='bbox 509 3309 536 3350; x_wconf 88' lang='lat' dir='ltr'>et</span> <span class='ocrx_word' id='word_1_227' title='bbox 556 3291 748 3348; x_wconf 71' lang='lat' dir='ltr'>Anaximandri</span> <span class='ocrx_word' id='word_1_228' title='bbox 770 3310 832 3346; x_wconf 85' lang='lat' dir='ltr'>een·</span> <span class='ocrx_word' id='word_1_229' title='bbox 873 3293 948 3366; x_wconf 78' lang='lat' dir='ltr'>thod</span> <span class='ocrx_word' id='word_1_230' title='bbox 962 3296 1072 3367; x_wconf 71' lang='lat' dir='ltr'>meionis</span> <span class='ocrx_word' id='word_1_231' title='bbox 1084 3295 1230 3369; x_wconf 68' lang='lat' dir='ltr'>diligentia</span> <span class='ocrx_word' id='word_1_232' title='bbox 1244 3300 1381 3369; x_wconf 57' lang='lat' dir='ltr'>semiiuge-</span> 
     </span>
     <span class='ocr_line' id='line_1_29' title="bbox 316 3371 1382 3450; baseline -0.005 -13"><span class='ocrx_word' id='word_1_233' title='bbox 316 3383 400 3437; x_wconf 84' lang='lat' dir='ltr'>tentie</span> <span class='ocrx_word' id='word_1_234' title='bbox 414 3375 537 3434; x_wconf 84' lang='lat' dir='ltr'>eumdem</span> <span class='ocrx_word' id='word_1_235' title='bbox 552 3375 689 3428; x_wconf 69' lang='lat' dir='ltr'>Petusium</span> <span class='ocrx_word' id='word_1_236' title='bbox 706 3371 830 3439; x_wconf 74' lang='lat' dir='ltr'>cunmle,</span> <span class='ocrx_word' id='word_1_237' title='bbox 873 3375 959 3427; x_wconf 85' lang='lat' dir='ltr'>lerum</span> <span class='ocrx_word' id='word_1_238' title='bbox 969 3377 1079 3450; x_wconf 82' lang='lat' dir='ltr'>urbium</span> <span class='ocrx_word' id='word_1_239' title='bbox 1088 3375 1382 3448; x_wconf 69' lang='lat' dir='ltr'>,mguoseitunm</span> 
     </span>
     <span class='ocr_line' id='line_1_30' title="bbox 316 3451 1383 3532; baseline -0.002 -17"><span class='ocrx_word' id='word_1_240' title='bbox 316 3464 397 3516; x_wconf 79' lang='lat' dir='ltr'>Varr-</span> <span class='ocrx_word' id='word_1_241' title='bbox 412 3459 481 3514; x_wconf 84' lang='lat' dir='ltr'>Dies.</span> <span class='ocrx_word' id='word_1_242' title='bbox 495 3455 522 3508; x_wconf 92' lang='lat' dir='ltr'>in</span> <span class='ocrx_word' id='word_1_243' title='bbox 537 3453 651 3508; x_wconf 84' lang='lat' dir='ltr'>Urnnol.</span> <span class='ocrx_word' id='word_1_244' title='bbox 665 3451 706 3518; x_wconf 89' lang='lat'>11,</span> <span class='ocrx_word' id='word_1_245' title='bbox 718 3471 745 3520; x_wconf 78' lang='lat'>9.</span> <span class='ocrx_word' id='word_1_246' title='bbox 757 3452 792 3505; x_wconf 78' lang='lat' dir='ltr'>fl.</span> <span class='ocrx_word' id='word_1_247' title='bbox 874 3465 921 3524; x_wconf 85' lang='lat' dir='ltr'>pte</span> <span class='ocrx_word' id='word_1_248' title='bbox 931 3456 1004 3508; x_wconf 85' lang='lat' dir='ltr'>enirn</span> <span class='ocrx_word' id='word_1_249' title='bbox 1016 3473 1067 3528; x_wconf 87' lang='lat' dir='ltr'>per</span> <span class='ocrx_word' id='word_1_250' title='bbox 1077 3457 1195 3509; x_wconf 74' lang='lat' dir='ltr'>Alrimm</span> <span class='ocrx_word' id='word_1_251' title='bbox 1207 3460 1324 3532; x_wconf 80' lang='lat' dir='ltr'>exempli</span> <span class='ocrx_word' id='word_1_252' title='bbox 1333 3474 1383 3529; x_wconf 69' lang='lat' dir='ltr'>pn·</span> 
     </span>
     <span class='ocr_line' id='line_1_31' title="bbox 358 3533 1381 3610; baseline 0.001 -19"><span class='ocrx_word' id='word_1_253' title='bbox 358 3559 400 3610; x_wconf 81' lang='lat'>¹9·</span> <span class='ocrx_word' id='word_1_254' title='bbox 416 3539 556 3592; x_wconf 78' lang='lat' dir='ltr'>Euctemon.</span> <span class='ocrx_word' id='word_1_255' title='bbox 572 3533 718 3604; x_wconf 69' lang='grc' dir='ltr'><strong>Εὐκτήμων.</strong></span> <span class='ocrx_word' id='word_1_256' title='bbox 736 3533 776 3584; x_wconf 83' lang='lat' dir='ltr'>ne</span> <span class='ocrx_word' id='word_1_257' title='bbox 796 3549 831 3586; x_wconf 90' lang='lat' dir='ltr'>eo</span> <span class='ocrx_word' id='word_1_258' title='bbox 874 3533 1032 3598; x_wconf 81' lang='lat' dir='ltr'>tie‚elieere</span> <span class='ocrx_word' id='word_1_259' title='bbox 1045 3548 1141 3602; x_wconf 85' lang='lat' dir='ltr'>teme,</span> <span class='ocrx_word' id='word_1_260' title='bbox 1154 3555 1222 3608; x_wconf 74' lang='lat' dir='ltr'>ques</span> <span class='ocrx_word' id='word_1_261' title='bbox 1236 3538 1381 3596; x_wconf 65' lang='lat' dir='ltr'>eburnos</span> 
     </span>
     <span class='ocr_line' id='line_1_32' title="bbox 317 3610 1381 3685; baseline -0.007 -10"><span class='ocrx_word' id='word_1_262' title='bbox 317 3623 345 3675; x_wconf 84' lang='lat' dir='ltr'>in</span> <span class='ocrx_word' id='word_1_263' title='bbox 357 3623 504 3674; x_wconf 79' lang='lat' dir='ltr'>Arctorum</span> <span class='ocrx_word' id='word_1_264' title='bbox 517 3613 619 3668; x_wconf 74' lang='lat' dir='ltr'>Indice.</span> <span class='ocrx_word' id='word_1_265' title='bbox 635 3614 679 3667; x_wconf 87' lang='lat' dir='ltr'>Sic</span> <span class='ocrx_word' id='word_1_266' title='bbox 694 3610 759 3664; x_wconf 82' lang='lat' dir='ltr'>libri</span> <span class='ocrx_word' id='word_1_267' title='bbox 771 3629 830 3666; x_wconf 86' lang='lat' dir='ltr'>our·</span> <span class='ocrx_word' id='word_1_268' title='bbox 874 3612 986 3680; x_wconf 76' lang='lat' dir='ltr'>adierit,</span> <span class='ocrx_word' id='word_1_269' title='bbox 1007 3617 1175 3670; x_wconf 75' lang='lat' dir='ltr'>convexitate</span> <span class='ocrx_word' id='word_1_270' title='bbox 1194 3617 1311 3685; x_wconf 84' lang='lat' dir='ltr'>eirouli,</span> <span class='ocrx_word' id='word_1_271' title='bbox 1335 3619 1381 3670; x_wconf 83' lang='lat' dir='ltr'>bor</span> 
     </span>
     <span class='ocr_line' id='line_1_33' title="bbox 317 3693 1379 3770; baseline -0.002 -16"><span class='ocrx_word' id='word_1_272' title='bbox 317 3720 372 3756; x_wconf 84' lang='lat' dir='ltr'>nes.</span> <span class='ocrx_word' id='word_1_273' title='bbox 387 3701 531 3770; x_wconf 75' lang='lat' dir='ltr'>Perperene</span> <span class='ocrx_word' id='word_1_274' title='bbox 544 3694 681 3750; x_wconf 71' lang='lat' dir='ltr'>Eudaemon</span> <span class='ocrx_word' id='word_1_275' title='bbox 700 3708 831 3762; x_wconf 82' lang='lat' dir='ltr'>reponere</span> <span class='ocrx_word' id='word_1_276' title='bbox 873 3703 927 3759; x_wconf 87' lang='lat' dir='ltr'>eet,</span> <span class='ocrx_word' id='word_1_277' title='bbox 941 3693 1047 3749; x_wconf 88' lang='lat' dir='ltr'>delecto</span> <span class='ocrx_word' id='word_1_278' title='bbox 1057 3708 1210 3768; x_wconf 75' lang='lat' dir='ltr'>regenerito,</span> <span class='ocrx_word' id='word_1_279' title='bbox 1224 3697 1267 3750; x_wconf 80' lang='lat' dir='ltr'>rel</span> <span class='ocrx_word' id='word_1_280' title='bbox 1281 3713 1379 3769; x_wconf 71' lang='lat' dir='ltr'>exgen-</span> 
     </span>
     <span class='ocr_line' id='line_1_34' title="bbox 316 3771 1379 3847; baseline -0.007 -13"><span class='ocrx_word' id='word_1_281' title='bbox 316 3781 413 3835; x_wconf 88' lang='lat' dir='ltr'>nititur</span> <span class='ocrx_word' id='word_1_282' title='bbox 422 3777 555 3839; x_wconf 85' lang='lat' dir='ltr'>Pithoeus,</span> <span class='ocrx_word' id='word_1_283' title='bbox 571 3773 640 3826; x_wconf 82' lang='lat' dir='ltr'>Adv.</span> <span class='ocrx_word' id='word_1_284' title='bbox 652 3773 697 3837; x_wconf 90' lang='lat'>11,</span> <span class='ocrx_word' id='word_1_285' title='bbox 715 3772 758 3824; x_wconf 76' lang='lat'>13.</span> <span class='ocrx_word' id='word_1_286' title='bbox 772 3771 807 3823; x_wconf 84' lang='lat' dir='ltr'>ll.</span> <span class='ocrx_word' id='word_1_287' title='bbox 873 3787 970 3840; x_wconf 87' lang='lat' dir='ltr'>mone,</span> <span class='ocrx_word' id='word_1_288' title='bbox 992 3775 1035 3828; x_wconf 81' lang='lat' dir='ltr'>rel</span> <span class='ocrx_word' id='word_1_289' title='bbox 1057 3793 1091 3828; x_wconf 79' lang='lat' dir='ltr'>ex</span> <span class='ocrx_word' id='word_1_290' title='bbox 1116 3777 1265 3847; x_wconf 78' lang='lat' dir='ltr'>quentitate</span> <span class='ocrx_word' id='word_1_291' title='bbox 1289 3777 1341 3832; x_wconf 85' lang='lat' dir='ltr'>diei</span> <span class='ocrx_word' id='word_1_292' title='bbox 1357 3785 1379 3827; x_wconf 89' lang='lat' dir='ltr'>et</span> 
     </span>
     <span class='ocr_line' id='line_1_35' title="bbox 359 3847 1377 3926; baseline -0.001 -13"><span class='ocrx_word' id='word_1_293' title='bbox 359 3877 403 3913; x_wconf 79' lang='lat' dir='ltr'>eo.</span> <span class='ocrx_word' id='word_1_294' title='bbox 426 3859 462 3910; x_wconf 79' lang='lat' dir='ltr'>Et</span> <span class='ocrx_word' id='word_1_295' title='bbox 485 3854 521 3907; x_wconf 81' lang='lat' dir='ltr'>ed</span> <span class='ocrx_word' id='word_1_296' title='bbox 538 3853 679 3924; x_wconf 82' lang='lat' dir='ltr'>Hesperum.</span> <span class='ocrx_word' id='word_1_297' title='bbox 702 3847 830 3917; x_wconf 71' lang='lat' dir='ltr'>Elidffl,</span> <span class='ocrx_word' id='word_1_298' title='bbox 872 3854 959 3908; x_wconf 71' lang='lat' dir='ltr'>noetis</span> <span class='ocrx_word' id='word_1_299' title='bbox 970 3855 1120 3926; x_wconf 72' lang='lat' dir='ltr'>:regionem</span> <span class='ocrx_word' id='word_1_300' title='bbox 1128 3851 1229 3909; x_wconf 85' lang='lat' dir='ltr'>deinde</span> <span class='ocrx_word' id='word_1_301' title='bbox 1241 3858 1377 3912; x_wconf 76' lang='lat' dir='ltr'>vetnhee</span> 
     </span>
     <span class='ocr_line' id='line_1_36' title="bbox 318 3929 1378 4008; baseline -0.001 -18"><span class='ocrx_word' id='word_1_302' title='bbox 318 3936 472 4001; x_wconf 73' lang='lat' dir='ltr'>Arcadiam,</span> <span class='ocrx_word' id='word_1_303' title='bbox 488 3933 654 3987; x_wconf 79' lang='lat' dir='ltr'>Messeniam.</span> <span class='ocrx_word' id='word_1_304' title='bbox 668 3931 759 3983; x_wconf 75' lang='lat' dir='ltr'>nino.</span> <span class='ocrx_word' id='word_1_305' title='bbox 872 3929 1008 3998; x_wconf 82' lang='lat' dir='ltr'>desumet,</span> <span class='ocrx_word' id='word_1_306' title='bbox 1026 3936 1137 4006; x_wconf 79' lang='lat' dir='ltr'>peribus</span> <span class='ocrx_word' id='word_1_307' title='bbox 1155 3936 1260 3990; x_wconf 83' lang='lat' dir='ltr'>umbris</span> <span class='ocrx_word' id='word_1_308' title='bbox 1279 3953 1378 4008; x_wconf 48' lang='lat' dir='ltr'>remou-</span> 
     </span>
     <span class='ocr_line' id='line_1_37' title="bbox 357 4008 1378 4089; baseline -0.001 -18"><span class='ocrx_word' id='word_1_309' title='bbox 357 4036 403 4071; x_wconf 67' lang='grc' dir='ltr'>αι.</span> <span class='ocrx_word' id='word_1_310' title='bbox 428 4015 486 4069; x_wconf 80' lang='lat' dir='ltr'>Non</span> <span class='ocrx_word' id='word_1_311' title='bbox 513 4025 591 4066; x_wconf 77' lang='lat' dir='ltr'>tumen</span> <span class='ocrx_word' id='word_1_312' title='bbox 611 4009 710 4083; x_wconf 66' lang='lat' dir='ltr'>difficili</span> <span class='ocrx_word' id='word_1_313' title='bbox 734 4013 828 4063; x_wconf 76' lang='lat' dir='ltr'>melone</span> <span class='ocrx_word' id='word_1_314' title='bbox 872 4008 1086 4068; x_wconf 77' lang='lat' dir='ltr'>dentemsnnde</span> <span class='ocrx_word' id='word_1_315' title='bbox 1107 4017 1306 4089; x_wconf 74' lang='lat' dir='ltr'>pereeeolliget</span> <span class='ocrx_word' id='word_1_316' title='bbox 1322 4013 1378 4070; x_wconf 79' lang='lat' dir='ltr'>u&#39;de·</span> 
     </span>
     <span class='ocr_line' id='line_1_38' title="bbox 313 4089 1345 4169; baseline 0 -21"><span class='ocrx_word' id='word_1_317' title='bbox 313 4101 500 4169; x_wconf 59' lang='lat' dir='ltr'>dignaremur,</span> <span class='ocrx_word' id='word_1_318' title='bbox 514 4105 565 4146; x_wconf 86' lang='lat' dir='ltr'>ete.</span> <span class='ocrx_word' id='word_1_319' title='bbox 582 4093 685 4146; x_wconf 80' lang='lat' dir='ltr'>Temen</span> <span class='ocrx_word' id='word_1_320' title='bbox 697 4089 725 4143; x_wconf 85' lang='lat' dir='ltr'>in</span> <span class='ocrx_word' id='word_1_321' title='bbox 736 4107 829 4162; x_wconf 85' lang='lat' dir='ltr'>prom·</span> <span class='ocrx_word' id='word_1_322' title='bbox 872 4109 934 4146; x_wconf 86' lang='lat' dir='ltr'>rum</span> <span class='ocrx_word' id='word_1_323' title='bbox 950 4104 1025 4148; x_wconf 82' lang='lat' dir='ltr'>ortus</span> <span class='ocrx_word' id='word_1_324' title='bbox 1037 4107 1247 4167; x_wconf 78' lang='lat' dir='ltr'>utqueoceeeus.</span> <span class='ocrx_word' id='word_1_325' title='bbox 1258 4097 1345 4152; x_wconf 66' lang='lat' dir='ltr'>lirun.</span> 
     </span>
    </p>
   </div>
   <div class='ocr_carea' id='block_1_5' title="bbox 0 0 1468 5009">
    <p class='ocr_par' dir='ltr' id='par_1_5' title="bbox 0 0 1468 5009">
     <span class='ocr_line' id='line_1_39' title="bbox 0 0 1468 5009; baseline 0 5"><span class='ocrx_word' id='word_1_326' title='bbox 0 0 1468 5009; x_wconf 95' lang='lat' dir='ltr'> </span> 
     </span>
    </p>
   </div>
  </div>
 </body>
</html>
