2925 5009
366 466 439 547 242
538 523 543 530 .
627 465 667 530 C.
697 463 868 532 PLlNll
895 461 1006 530 unt.
1034 461 1165 529 urst.

363 593 486 680 festos,
505 594 653 686 Neptuni
674 578 943 686 atqueVulcani⁵
962 619 970 660 :
990 591 1166 686 feruntque
1185 593 1300 663 subtili
1321 596 1415 665 obser-

361 701 505 783 vatione,
517 713 619 792 quota
631 683 721 766 lunu⁶
731 697 940 793 procedente
954 699 1063 768 bieme
1078 699 1135 766 nix
1144 701 1416 793 primaoeciderit‚

362 807 387 873 si
403 805 540 874 totidem
555 804 717 874 luminum
735 805 789 873 die
807 807 893 874 iutra
904 804 1100 899 predictum
1112 809 1277 900 temporis
1290 810 1413 902 spatium

362 927 528 998 serantur,
548 913 631 980 mire
651 913 837 1006 provenire.
856 914 1020 980 Seruntur
1040 925 1075 979 et
1091 935 1171 980 vere
1193 914 1230 980 in
1250 913 1358 982 calidis
1371 928 1413 982 et·

361 1041 426 1110 que
447 1017 601 1087 humidis.

327 1158 340 1189 t
410 1125 570 1193 xxxvl.
589 1110 689 1215 (ην.)
703 1121 847 1216 Lupino¹
858 1137 910 1191 est
922 1147 1002 1192 usus
1013 1122 1210 1217 proximus²‚
1225 1150 1327 1218 quum
1341 1127 1413 1194 sitet

359 1215 523 1316 homiui³‚
541 1245 576 1298 et
592 1228 846 1324 quadrupedum
862 1230 975 1323 generi
998 1228 1139 1324 ungulas
1161 1231 1315 1316 babenti,
1337 1255 1410 1300 oom-

360 1339 478 1406 munis.
502 1336 697 1406 Remedium
717 1322 822 1430 ejus⁴,
841 1360 884 1404 ne
906 1350 1067 1416 metentes
1088 1323 1218 1430 fugiat⁵
1235 1337 1411 1422 exsiliendo,

360 1459 397 1513 ut
418 1444 460 1512 ab
478 1443 583 1511 imbre
601 1440 746 1511 tollatur.
771 1440 844 1510 Nec
864 1426 994 1527 ullius⁶‚
1020 1465 1094 1534 quae
1115 1457 1290 1531 seruntur,
1313 1459 1410 1513 numu

361 1624 744 1696 utensisbugusti,relprima
760 1637 874 1696 septem·
916 1643 1015 1694 gumen
1040 1625 1112 1676 enim
1134 1623 1163 1678 id
1186 1627 1216 1679 iu
1240 1646 1303 1698 pera
1327 1645 1409 1697 semper

359 1707 422 1759 bris.
437 1707 504 1758 Duo.
916 1716 1019 1774 gestare
1029 1703 1160 1757 solebant.
1169 1705 1253 1759 Unde
1266 1707 1407 1759 Aristoteles.

401 1785 427 1838 5.
445 1785 553 1854 Neptuni
566 1795 638 1856 utque
655 1783 770 1836 Vulcani.
784 1783 817 1835 In
830 1783 875 1836 ke·
918 1787 961 1836 οὐκ
981 1784 1060 1854 dupin:
1077 1782 1125 1854 γὰρ
1149 1785 1273 1856 Κράτης,
1292 1789 1331 1838 ule
1351 1781 1406 1843 eide.

358 1863 481 1918 leuderio
500 1863 600 1916 rustico
618 1861 690 1934 opud
704 1861 874 1929 Gruterum,
917 1863 1002 1932 puris,
1013 1863 1082 1931 πήρα
1094 1859 1204 1933 δύναμιν
1214 1867 1299 1922 ἡλίκην
1308 1868 1407 1933 strutu-

359 1963 418 2016 pag.
436 1943 500 2010 139,
514 1947 633 2012 Augusto
644 1943 728 1994 mensi
738 1943 875 2012 Neptune·
917 1949 971 2010 μῦν
983 1961 1011 1994 τι
1031 1943 1116 2009 χοῖνιξ.
1129 1944 1255 1998 Torneb.
1276 1945 1320 1997 lib.
1336 1943 1405 2001 XXV.

360 2026 393 2077 lie
409 2044 416 2077 ε
433 2023 590 2076 Vulcuuulie
620 2021 764 2092 septembri
786 2020 876 2074 dican·
917 2039 975 2092 cup.
990 2039 1033 2088 ²9·
1048 2023 1151 2076 Dum.

359 2117 412 2156 tur.
428 2103 461 2156 Et
473 2121 533 2174 pag.
553 2101 617 2166 133,
631 2099 789 2154 vulcanalia
803 2100 875 2154 deci·
960 2107 986 2164 4.
1001 2101 1138 2153 Remedium
1151 2103 1213 2173 ejus.
1225 2104 1352 2173 Lupinum
1361 2141 1368 2165 ‚
1377 2103 1406 2153 iu·

358 2203 404 2235 mo
418 2181 528 2235 kalend.
548 2195 613 2254 sept.
629 2179 790 2251 Neptunalie
804 2179 876 2234 deci·
916 2179 975 2250 quit
989 2181 1114 2250 Theopb.
1128 2183 1200 2235 illst.
1213 2184 1297 2246 vm,
1313 2201 1354 2245 ro,
1363 2200 1403 2232 oon

358 2281 403 2318 mo
417 2263 470 2316 kat.
486 2265 554 2332 Aug.
566 2259 657 2312 ilino.
917 2259 993 2328 prius
1006 2271 1127 2324 metunt,
1151 2281 1237 2333 quum
1249 2263 1329 2314 imber
1340 2261 1404 2312 inee-

399 2345 427 2396 6.
456 2343 539 2411 Quota
563 2342 630 2392 luna.
657 2337 686 2390 Si
714 2349 756 2391 tot
779 2338 875 2392 diebus
916 2337 1001 2392 serit:
1017 2340 1145 2411 quoniam
1159 2341 1262 2413 ulloqui
1284 2342 1346 2394 inter
1361 2355 1402 2391 me·

359 2433 420 2493 post
457 2421 577 2492 Neptuni
607 2421 703 2472 festum
732 2431 873 2484 serantur,
916 2417 1195 2489 tendumevnginutie
1209 2421 1402 2488 exsiliret,otque

359 2513 439 2573 quote
450 2501 512 2554 lune
530 2500 617 2553 fuerat
630 2495 800 2570 praecedente
813 2498 874 2551 hie·
917 2496 953 2549 ito
963 2498 1064 2569 periret
1075 2517 1177 2554 semen.
1187 2501 1233 2554 Sic
1247 2501 1321 2554 etiem
1332 2510 1402 2552 auctet

359 2601 417 2644 me,
439 2599 522 2652 quum
538 2580 582 2632 uix
597 2581 683 2650 prime
698 2575 803 2631 cecidit.
816 2579 851 2629 H.
916 2576 1040 2648 Geopon.
1052 2579 1096 2644 ΙΙ,
1117 2581 1164 2649 37,
1181 2599 1211 2651 p.
1226 2599 1273 2651 7²·
1293 2581 1347 2632 Post
1360 2577 1401 2630 dies

399 2661 529 2713 XXXVI.
550 2675 572 2712 1.
592 2660 694 2726 Lepino.
717 2657 810 2710 Nostri
834 2657 872 2708 lu·
916 2657 1062 2722 ferventes,
1085 2677 1147 2712 uere
1167 2660 1326 2723 madefacto,
1342 2673 1401 2710 mot

356 2745 416 2810 pin,
431 2730 871 2809 Grtecidtpplrdpeptsrocant.ll.
916 2735 1014 2788 demeti
1038 2751 1165 2809 oportere
1190 2741 1282 2793 scribit
1302 2736 1399 2808 Tbeopd·

359 2810 873 2888 -Lttpt'uusoldus(Diadelpie.decuud.
915 2814 951 2868 (le
965 2815 1055 2870 Causs.
1068 2819 1124 2880 IV,
1152 2825 1206 2885 14,
1227 2839 1255 2891 p.
1270 2819 1330 2873 318.
1342 2819 1369 2869 ll.

358 2899 391 2953 L.
414 2917 475 2970 gen.
498 2899 555 2970 67⁵
577 2895 696 2950 Decand.
717 2897 871 2965 legumine.
959 2897 985 2949 5.
997 2891 1039 2947 Ne
1049 2910 1160 2950 metentes
1167 2901 1268 2968 fugiet,
1280 2897 1399 2952 etc'lbee

358 2971 440 3048 iuss.)
453 2979 505 3033 Eo.
914 2975 1014 3046 pbr-est.
1028 2976 1097 3030 illst.
1112 2977 1159 3030 lib.
1169 2980 1228 3043 lx,
1242 2999 1298 3050 cap.
1312 2977 1398 3030 ruste·

385 3053 427 3112 ἰ.
440 3059 502 3112 Usus
507 3061 639 3129 proximus.
651 3057 713 3108 Post
720 3073 802 3127 rapu,
813 3073 872 3126 quo
913 3055 989 3120 vius,
1011 3080 1023 3102 ι
1044 3056 1176 3111 Nonnulli
1190 3060 1300 3130 proprie
1310 3057 1398 3108 enee

358 3139 459 3193 cunctis
483 3137 583 3210 pariter
608 3135 768 3188 animalibus
799 3135 871 3187 nesci
914 3135 1071 3204 lupinorum
1102 3137 1157 3190 olas
1191 3137 1245 3192 dici
1268 3143 1397 3209 potinum

358 3217 472 3272 diximus
484 3237 542 3289 cup.
560 3217 612 3280 tt:
629 3242 641 3263 ι
655 3215 741 3267 Boves
753 3214 824 3268 enim
834 3215 873 3267 lu·
914 3215 1001 3267 AElius
1013 3233 1019 3268 :
1035 3215 1082 3270 ulae
1092 3235 1124 3268 ex
1136 3218 1245 3288 lupino,
1257 3215 1395 3269 surculisiut

357 3299 472 3368 pinum,
498 3297 586 3368 inquit
616 3295 723 3347 Colum.
751 3294 795 3358 11,
823 3311 872 3360 to,
915 3294 995 3347 foliis.
1013 3297 1081 3348 Cato
1100 3297 1128 3347 in
1143 3297 1308 3368 Originibus,
1325 3295 1394 3348 clm

356 3395 416 3450 pig.
429 3379 480 3441 56,
492 3375 776 3448 perhiememcoctum
785 3391 871 3428 mece-
913 3373 1020 3444 lupino.
1040 3374 1153 3428 Memini
1173 3389 1261 3432 tameo
1276 3377 1394 3428 vmoen

357 3471 498 3529 ratumque
511 3456 596 3527 probe
610 3454 657 3507 elit
668 3471 674 3506 ε
687 3453 795 3506 Famem
804 3471 871 3524 quo·
914 3451 948 3506 de
961 3454 1064 3524 lingua
1076 3455 1191 3522 Lerina,
1216 3458 1284 3510 ulem
1304 3454 1393 3506 colum

356 3556 424 3609 que,
441 3538 462 3589 si
482 3536 617 3588 sterilitate
635 3551 748 3586 eunoun
763 3533 871 3586 incessit
913 3533 981 3588 fabo
993 3533 1093 3588 dicere.
1108 3561 1120 3582 ι
1134 3535 1200 3590 Erec
1212 3536 1319 3590 Serrium
1331 3535 1382 3585 Du.
1401 3538 1404 3542 “

356 3617 526 3682 bominibus,
538 3611 680 3669 commode
693 3613 841 3684 propulset.
855 3638 866 3659 ι
956 3617 983 3666 6.
1000 3613 1053 3669 Nee
1065 3614 1152 3681 ullius,
1167 3635 1224 3689 qree
1241 3627 1350 3676 mter,
1363 3625 1394 3658 Μ’

356 3697 410 3762 Qui
421 3699 570 3767 promiscuus
584 3694 636 3746 boc
648 3693 708 3746 loco
719 3710 801 3764 quem
809 3711 869 3764 pm·
914 3705 969 3744 tum
978 3713 1076 3746 assensu
1089 3707 1159 3746 tenue
1169 3697 1299 3749 emulor
1306 3691 1391 3745 nullst

355 3781 434 3828 simus
445 3775 496 3846 legi
509 3775 628 3838 malunt,
641 3785 668 3825 et
680 3791 694 3826 u
709 3771 786 3825 MSS.
800 3771 869 3836 ilde,
912 3773 959 3826 illa
971 3774 1052 3826 verbe
1060 3793 1157 3826 assensu
1167 3788 1252 3841 terra,
1264 3774 1391 3845 optumo

355 3869 381 3910 et
396 3873 410 3907 e
426 3853 506 3908 Plinii
518 3865 606 3907 mente
621 3851 778 3906 desciscunt.
795 3851 828 3905 ll.
913 3853 1108 3923 esselegitimn.
1125 3855 1204 3908 Prur.
1217 3887 1256 3898 -
1274 3853 1322 3908 Nee
1331 3849 1390 3902 diu.
1422 3920 1423 3923 Ἴ

397 3935 423 3988 3.
439 3936 476 3989 Et
488 3935 586 3986 lumini.
597 3933 749 3986 Praesertim
758 3932 870 4005 Cynicis
913 3931 969 3986 Nec
982 3933 1062 3986 ullius
1075 3953 1156 3986 eorum
1166 3953 1226 4006 quer
1239 3944 1348 3989 seruntur
1358 3944 1390 3977 nt·
1422 3930 1423 3943 ²

353 4014 434 4077 olim,
448 4013 482 4068 de
493 4013 592 4084 quibus
603 4011 694 4065 lloret.
705 4013 795 4083 Epi,
809 4031 868 4077 vu,
913 4025 984 4070 turc,
998 4025 1069 4065 terre
1091 4015 1116 4066 ei
1134 4012 1278 4068 admodum
1298 4013 1389 4066 tumr.
1421 4026 1422 4057 1

356 4095 406 4162 23,
421 4092 505 4168 «quid
514 4093 614 4146 distent
623 4111 672 4146 reru
681 4092 806 4164 lupinis·
817 4093 867 4145 Le·
911 4093 1061 4146 mirabilior
1072 4107 1119 4146 est.
1132 4094 1222 4148 Hono.
1421 4084 1422 4091 ἵ
