2925 5009
501 441 654 511 LIBER
675 444 804 514 xvtt.
1166 472 1191 543 9

99 584 106 595 ”
126 587 262 667 urgente
283 572 397 643 umbra
419 558 531 661 sua³·¹,
549 600 611 646 neo
633 576 812 671 adjuvante
840 578 1033 649 medicina:
1056 582 1191 675 quando

127 682 245 749 vestire
259 695 386 751 teneras
405 682 532 751 intorto
558 696 741 754 stramento
760 686 797 753 in
818 684 1024 757 silvestribus
1042 712 1112 757 non
1129 702 1189 759 est.

126 788 214 881 Ergo
222 789 426 883 tempestivae
434 773 459 813 ³²
469 812 562 882 aqum
572 789 719 861 hibernis
726 792 872 886 primum
882 792 1057 879 imbribus,
1070 794 1190 865 deinde
1208 804 1226 855 6

7 900 8 905 ’
126 895 396 987 germinationem
410 894 692 967 antecedentibus.
708 900 858 967 Tertium
871 912 1003 994 tempus
1013 914 1076 987 est,
1086 926 1189 996 quum

5 1029 6 1054 ι
124 999 264 1070 educant
281 1026 404 1096 poma:
426 1026 489 1071 nee
506 1004 676 1097 protinus,
701 1004 760 1073 sed
776 1005 848 1099 jam
871 1004 982 1075 valido
1006 1006 1087 1076 fetu.
1106 1009 1205 1098 Qure'

3 1129 4 1134 ¹
124 1104 249 1177 fructos
275 1132 354 1177 suos
377 1108 503 1179 diutius
528 1112 719 1195 continent,
746 1110 978 1207 longioresque
1004 1112 1192 1185 desiderant

4 1205 5 1228 ¹
125 1200 261 1301 cib0s³³‚
278 1214 333 1285 his
351 1229 385 1285 et
402 1217 554 1285 serotine
568 1240 661 1312 aquae
680 1216 795 1305 utiles;
808 1220 933 1307 atriti,
945 1218 1041 1303 oleae,
1054 1222 1190 1315 punicis

1 1322 4 1408 ᾖ
125 1322 182 1390 Hae
192 1320 262 1414 jam
281 1320 404 1416 pluviae
424 1324 553 1417 generis
568 1324 728 1419 cujusque
745 1325 921 1394 arboribus
938 1325 1071 1396 diverso
1091 1327 1193 1397 inodo

1 1478 3 1525 t
124 1424 363 1513 desiderantur,
375 1427 447 1498 aliis
460 1428 526 1499 alio
541 1445 692 1525 ternpore
705 1432 957 1501 maturantibus.
978 1432 1193 1530 Quapropter
1210 1468 1228 1519 7

125 1534 245 1604 eisdem
261 1534 427 1605 imbn'hus
447 1532 555 1630 aliqua
574 1535 649 1606 laedi
667 1537 796 1625 videas,
812 1536 921 1633 aliqua
938 1538 1063 1631 juvari,
1094 1542 1193 1611 etiam

125 1640 156 1708 iu
169 1641 286 1711 eodem
305 1665 447 1737 genere,
465 1642 549 1711 sicut
567 1644 602 1711 in
616 1644 718 1739 piris:
732 1642 798 1713 alio
813 1643 867 1713 die
884 1643 1024 1713 hiberna
1043 1662 1197 1740 quarunt

125 1744 274 1841 pluvias,
296 1746 363 1817 alio
393 1772 474 1818 vero
502 1752 690 1844 praecocia,
721 1765 757 1821 ut
779 1752 904 1847 pariter
925 1751 1060 1846 quidem
1083 1755 1194 1823 omnia

125 1852 320 1925 desiderent
348 1854 534 1925 Hibernum
561 1870 694 1951 tempus
722 1872 774 1927 est
799 1872 876 1927 ante
905 1858 1194 1953 germinationem,

125 1982 195 2053 qua
207 1959 411 2057 Aquilonem
426 1962 549 2031 Austro
560 1960 724 2033 utiliorem
743 1964 823 2034 facit
832 1950 870 2028 ³⁴.
887 1966 987 2035 Ratio
1000 1964 1116 2035 eadem
1129 1992 1198 2037 me·

126 2065 311 2139 diterrauea
329 2069 501 2139 maritimis
520 2069 675 2165 praefert:
691 2072 873 2141 suntenim
892 2069 1088 2166 plerumque
1106 2073 1196 2169 trigi-

129 2256 221 2311 teuto
238 2264 360 2328 χιιμῠνις
379 2260 484 2325 retreat
508 2260 559 2321 τοῖς
580 2254 638 2311 διὀ-
681 2257 822 2311 oonl‘eetim
842 2261 948 2333 sequuti
972 2274 1054 2327 aunt,
1076 2262 1123 2315 aed
1150 2264 1196 2316 obi

129 2330 354 2407 dqng.'1'heophr.
366 2338 385 2389 l.
397 2357 422 2391 r.
433 2338 524 2393 Haeo.
683 2340 786 2393 l'ruetua
799 2338 999 2393 eonvaluerunt.
1012 2341 1076 2394 Here
1085 2342 1196 2396 totidem

167 2415 214 2470 31.
235 2417 328 2470 datm
340 2437 397 2470 sua.
410 2419 556 2471 Remorum
572 2416 639 2470 den·
682 2418 773 2473 verbis
788 2418 966 2489 Theophras.
979 2418 1014 2472 de
1030 2422 1109 2476 Caua.
1121 2422 1139 2476 l.
1153 2423 1197 2485 11,

130 2495 290 2549 aitateaolem
298 2494 640 2569 laaudadmittente:quum
685 2516 745 2569 eap-
761 2499 796 2559 3,
809 2498 894 2551 abiet
910 2500 1077 2570 singulorum
1093 2520 1197 2556 eausam

130 2577 296 2630 etsilvestrea
318 2578 428 2631 arbores
441 2595 524 2631 nemo
544 2578 578 2631 rit
596 2577 641 2649 qui
685 2579 836 2649 investigat.
851 2578 943 2633 lluu.

132 2670 215 2721 earet,
239 2675 323 2711 nemo
347 2657 395 2729 qui
420 2656 464 2711 his
483 2655 640 2723 medeatur,
727 2656 774 2711 33.
798 2656 947 2711 Βοιώτιοι
974 2658 1048 2712 cidon
1085 2659 1197 2715 Imbres.

131 2752 205 2789 neno
225 2738 274 2808 qui
305 2750 472 2802 stramento,
495 2736 559 2790 dum
581 2748 643 2790 mut
685 2738 863 2808 Theophraat.
881 2738 932 2791 loe.
947 2736 994 2791 eit.
1009 2718 1048 2790 fis
1064 2736 1126 2794 allel
1140 2761 1201 2813 ιορ-

131 2813 214 2869 adhue
238 2830 356 2882 tenere,
377 2816 586 2878 eireomveatiat,
611 2828 642 2869 ut
686 2818 728 2871 arel
738 2817 1077 2887 χροοιῶτοροι,ιιοὶιτλιίοοος
1086 2816 1199 2892 διόμενοι

130 2892 253 2950 Matar
264 2914 279 2949 a
293 2896 402 2967 frigore.
422 2896 504 2961 Cato,
514 2914 573 2969 cap.
583 2915 619 2950 ru.
632 2914 639 2949 ι
687 2901 773 2967 τροφῆς
786 2896 829 2950 ael
841 2898 938 2967 πέψιος
947 2936 955 2963 ,
963 2900 1061 2961 τούτοις
1070 2901 1199 2971 eadent

135 2974 311 3030 usu-amentia
325 2974 505 3039 circumdato,
521 2976 640 3047 alligato·
687 2976 720 3030 τὰ
730 2978 859 3047 ὀψιοὶτιριι
872 2968 1011 3047 (ὕδατα),
1022 2982 1134 3050 netem
1152 2981 1201 3050 ἀμ·

131 3073 193 3126 que,
205 3074 241 3109 ne
255 3056 317 3127 gelu
332 3068 438 3111 noceat.
450 3082 461 3104 ι
480 3051 642 3127 Πιριδιῦιτις
685 3058 836 3128 “sterilli
847 3057 931 3126 ἐλαίᾳ,
942 3060 995 3117 τοῖς
1009 3059 1099 3122 ἄλλοις.
1114 3086 1125 3108 ι
1134 3060 1201 3125 Qui·

132 3138 216 3203 etad:
235 3134 278 3189 aet
296 3135 434 3207 καλάμοις,
450 3137 492 3189 ael
512 3138 642 3201 τοιούτοις,
686 3136 808 3190 boareto
817 3136 1202 3209 fruetusdiotoruiores,plua-

132 3214 195 3278 δτοτ
214 3216 250 3287 μὴ
270 3216 393 3287 ditaret,
413 3208 646 3287 μηδ’ὑτοξιιραίνιι·
687 3232 741 3288 que
760 3216 881 3269 alimenti
899 3216 1083 3289 eootioniaque
1095 3216 1200 3270 deside·

132 3314 190 3360 τοι,
212 3316 246 3349 ne
257 3298 387 3365 frigeant,
408 3296 452 3347 ael
474 3296 642 3358 subtermeat,
687 3308 789 3357 rantes,
809 3296 852 3349 laia
870 3297 984 3350 seriores
1004 3297 1086 3350 etiam
1101 3298 1202 3353 imbrea

132 3374 218 3447 inquit
236 3375 414 3445 Theophrast.
436 3374 506 3429 Hiet.
527 3375 574 3429 lib.
594 3376 646 3443 IV,
689 3375 840 3447 tempestivi
851 3374 982 3429 eeoedunt
993 3375 1201 3450 :utviti,puni-

132 3472 189 3526 ηρ.
199 3456 245 3507 18.
256 3454 347 3509 Hann.
689 3472 743 3515 oe,
758 3455 824 3509 olet.
837 3456 1002 3527 ceterisque.
1012 3481 1024 3503 ·
1040 3458 1132 3510 Haeo.

171 3532 218 3587 32.
233 3535 306 3605 Ergo
319 3537 469 3606 teupertiroe.
481 3534 646 3607 Tetupeatiri
731 3534 777 3599 34.
797 3537 862 3605 Qua
878 3535 1022 3608 Aquilonem
1037 3537 1132 3590 Austro
1148 3540 1201 3593 atil.

134 3614 254 3668 omnium
277 3615 393 3669 maxime
416 3615 514 3669 imbres
539 3616 645 3669 hiberni
683 3616 758 3681 sarit.
772 3613 993 3685 Expendeansit
1007 3616 1097 3670 verior
1108 3618 1201 3683 lectio,

133 3706 258 3747 notamur
274 3714 282 3749 ι
297 3694 396 3749 deinde
411 3696 459 3767 qui
474 3696 645 3767 germinatio·
692 3720 704 3743 ι
714 3712 795 3766 quam
805 3694 911 3765 Aquilo,
918 3712 999 3765 qoam
1007 3697 1104 3750 Auster
1112 3698 1202 3751 utilio·

134 3790 191 3826 uem
206 3772 381 3840 anteoeduut,
396 3776 503 3829 tertium
523 3774 646 3829 obtinent
690 3792 748 3827 rem
760 3774 840 3827 facit:
855 3799 866 3821 υ
880 3774 1022 3845 quoniam,
1036 3788 1067 3830 ut
1081 3778 1203 3848 superius

134 3852 234 3915 lorum,
246 3855 296 3927 qui
308 3866 452 3927 postquam
473 3857 583 3909 arborea
597 3854 645 3909 de·
689 3851 824 3919 ostendit,
838 3854 927 3926 fruges
937 3858 1134 3929 quoquepejue
1146 3876 1203 3910 ma-

135 3930 296 4001 florueruot,
319 3935 476 3990 aecmeetiut
491 3936 645 4007 :pabulum
690 3934 966 3989 tureeeuntAustrinia
974 3932 1078 4001 diebus,
1085 3948 1111 3990 et
1122 3939 1203 4009 paolo

135 4012 217 4077 mim,
231 4015 542 4085 consummationemque
556 4015 646 4069 frueti-
689 4033 785 4085 sopra,
797 4014 940 4067 «Hiemem
949 4016 1117 4087 Aquiloniam
1135 4036 1204 4081 esse,

137 4091 317 4165 buaprreatare
330 4094 478 4166 incipiunt,
494 4113 577 4166 quum
591 4114 645 4147 non
690 4094 816 4166 omnilaus
828 4094 889 4149 satia
902 4093 1084 4148 utilissimum.
1096 4122 1106 4143 .
1124 4097 1203 4151 Ριιιτ.
