2925 5009
330 455 401 542 334
602 458 640 526 C.
666 457 836 528 PLlNlI
860 459 971 528 Nat.
997 458 1125 528 illst.

329 593 479 686 marique
505 588 654 688 perdice
676 591 832 686 quinque.
859 592 959 660 Ratio
984 590 1057 683 ejus
1078 591 1149 660 bac
1172 588 1317 661 traditur
1337 590 1392 686 ξεί

331 695 501 792 Delphino
514 695 686 768 occidente
697 697 820 767 imbres
829 697 970 784 fuerint,
985 721 1059 766 non
1070 695 1200 766 daturos
1209 721 1270 791 per
1280 699 1394 764 Aratu

332 827 417 872 rum.
437 805 577 899 Signum
599 803 736 872 orientis
764 805 835 898 ejus
862 803 977 873 sideris
1004 817 1156 872 servetur
1179 801 1392 871 birundinum

331 907 440 980 abitus
470 937 479 980 ε
508 933 652 1003 namque
680 896 911 1006 deprehensae⁸
928 911 1106 978 intereunt
1132 911 1273 978 Decimo
1304 921 1394 976 sesto

332 1014 487 1086 kalendas
507 1016 653 1086 octobris
674 1017 818 1111 AEgypto
831 1017 945 1112 Spica,
962 1039 1063 1110 quam
1076 1028 1170 1086 tenet
1179 1017 1300 1108 Virgo,
1319 1037 1394 1081 exo·

332 1123 417 1192 ritur
444 1124 624 1204 matutino,
645 1124 831 1217 Etesiaaque
850 1123 1017 1192 desinunt.
1048 1124 1123 1190 Hoc
1146 1119 1257 1190 idem⁹
1272 1119 1396 1188 Cassii

333 1251 395 1297 xiv
415 1226 586 1311 kalendas,
620 1251 687 1298 xut
711 1230 853 1322 Assyrio
883 1227 1101 1322 significant:
1124 1240 1160 1297 et
1183 1250 1224 1296 xa
1241 1224 1395 1295 kalendas

333 1333 455 1404 Curari
476 1332 725 1404 commissura¹⁰
744 1337 888 1404 Piscium
910 1333 1083 1419 occidens,
1101 1333 1275 1427 ipsumque
1292 1331 1396 1424 equi-

299 1453 315 1505 3
334 1440 436 1510 noctii
456 1437 576 1510 sidus¹¹
594 1463 661 1508 vm
677 1438 835 1510 kalendas
852 1439 1166 1510 octobris.·Deinde
1187 1438 1396 1508 consentiunt

334 1533 446 1639 (quod
461 1560 511 1615 est
525 1537 663 1633 mrum)
677 1545 865 1642 Philippus,
886 1543 1074 1640 Callippus,
1091 1544 1289 1628 Dositbeus,
1315 1545 1395 1611 Par-

333 1653 517 1738 meniscus,
537 1655 673 1738 Conon,
691 1653 828 1739 Criton,
847 1652 1078 1736 Democritus,
1094 1649 1271 1732 Eudoxus,
1293 1671 1333 1718 tv
1347 1647 1395 1715 ka

334 1755 448 1827 lendas
461 1757 608 1828 octobris
619 1755 791 1854 Capellam
805 1759 970 1827 matutino
986 1756 1126 1839 exoriri,
1139 1771 1176 1825 et
1186 1779 1230 1826 111
1242 1751 1392 1827 kalendas

334 1862 470 1932 Hoedos.
483 1865 584 1934 Sexto
595 1887 699 1934 nonas
713 1865 845 1934 octobr.
856 1865 975 1934 Atticae
987 1865 1124 1932 Corona
1134 1865 1284 1932 exoritur
1292 1883 1393 1930 mane

333 1969 420 2038 Asiae
437 1983 471 2038 et
493 1971 618 2040 Caesari
636 1991 660 2036 v
683 1969 842 2040 kalendas
863 1968 1057 2040 Heniochus
1079 1967 1203 2036 occidit
1224 1967 1390 2038 matutino.

334 2075 447 2146 Tertio
460 2073 617 2144 kalendas
629 2077 752 2146 Caesari
765 2079 901 2147 Comna
913 2075 1034 2146 exoriri
1048 2075 1181 2169 incipit3
1197 2088 1233 2144 et
1244 2071 1394 2168 postridie

335 2179 493 2252 occidunt
508 2179 605 2250 Hoedi
623 2183 763 2275 vesperi.
781 2205 851 2253 vm
870 2181 945 2251 idus
965 2179 1113 2250 octobris
1127 2182 1253 2249 Caesari
1273 2176 1392 2273 fulgens

336 2287 370 2353 in
382 2289 517 2356 Corona
529 2285 622 2356 stella
636 2289 754 2356 oritur.
771 2289 817 2358 Et
826 2311 868 2358 ιιι
883 2287 956 2356 idus
967 2283 1122 2379 Vergiliae
1130 2289 1272 2380 vesperi.
1286 2284 1392 2354 Idibus

335 2393 471 2462 Corona
492 2406 572 2462 tota.
603 2394 704 2463 Sexto
723 2393 881 2462 kalendas
901 2391 1093 2462 novembris
1118 2391 1250 2462 Suculae
1271 2388 1389 2484 vesperi

335 2499 539 2568 exoriuntur.
562 2497 671 2568 Pridie
689 2497 846 2568 kalendas
865 2500 989 2568 Cesari
1009 2498 1173 2566 Arcturus
1189 2497 1311 2568 oceidit
1330 2521 1338 2561 :
1360 2505 1390 2562 et

335 2601 465 2674 Suculae
495 2587 700 2674 exoriuntur
718 2630 797 2676 cum
832 2603 911 2674 sole.
940 2605 1071 2692 Quarto
1100 2627 1208 2674 nonus
1241 2607 1389 2672 Αιοιιιιιιε

302 2709 460 2782 reccidit
478 2711 617 2804 vesperi.
640 2711 769 2798 Quinto
795 2711 870 2780 idus
898 2708 1090 2780 novembris
1116 2707 1246 2804 gladius
1265 2707 1388 2778 Orionis

337 2815 489 2884 occidere
513 2816 637 2909 incipit.
661 2816 793 2886 Deinde
824 2839 869 2886 ιιι
893 2815 968 2885 idus
988 2812 1143 2909 Vergilia
1169 2814 1331 2885 occidunt
1353 2813 1388 2879 ln

337 2919 389 2990 his
407 2935 596 3016 temporum
613 2920 794 2992 intervallis
811 2946 913 3018 opera
930 2923 1068 3007 rustica,
1092 2942 1214 3015 napos,
1237 2921 1387 3015 raphanos

337 3049 468 3112 serere,
493 3028 613 3122 quibus
631 3027 749 3097 diebus
764 3025 947 3098 diximus¹².
972 3025 1101 3124 Vulgus
1118 3041 1251 3122 agreste
1269 3041 1302 3096 et
1321 3043 1389 3116 rapt

337 3145 415 3226 post
435 3118 605 3204 ciconiae¹³
633 3131 814 3204 discessum
841 3132 928 3204 male
956 3134 1022 3204 seri
1044 3145 1152 3227 putat.
1173 3132 1249 3203 Nos
1270 3131 1388 3203 omnino

338 3295 417 3350 Stella
430 3296 530 3351 micans
542 3293 639 3362 radlia,
661 3302 791 3352 Arctoam
801 3315 850 3351 no·
894 3298 969 3352 uiola
985 3310 1038 3364 est,
1055 3317 1107 3370 qna
1121 3308 1238 3370 uterque
1248 3295 1325 3370 piscis
1338 3309 1388 3348 em·

337 3377 411 3430 mine
422 3377 503 3432 claro.
516 3402 527 3424 ι
547 3377 639 3430 Hsau.
893 3378 1026 3443 nectitur,
1041 3392 1071 3432 nt
1080 3376 1191 3451 quidem
1206 3377 1236 3430 in
1247 3377 1324 3448 globo
1337 3371 1388 3445 pir

378 3459 405 3512 8.
421 3457 533 3528 Namque
550 3455 708 3527 deprebensa.
732 3455 800 3521 Quo
815 3457 849 3509 ab
893 3457 972 3528 gitur.
986 3457 1134 3512 Columella
1147 3455 1244 3510 eodem
1264 3457 1306 3509 die
1319 3453 1389 3508 ΗΝ

338 3532 721 3606 cosideredeprehenduntur,
732 3547 852 3589 necante
894 3531 1016 3590 occidere
1038 3537 1168 3590 mamtino
1185 3537 1234 3589 ait.
1250 3535 1335 3589 Ηιιιι.

337 3615 469 3681 abierint,
484 3633 564 3688 quarn
583 3615 732 3680 exoriatur,
751 3615 852 3686 frigore
939 3634 985 3670 ιι.
998 3617 1153 3689 AEqur'aoetr'r'
1166 3615 1243 3667 sidus.
1264 3615 1310 3668 Sol
1324 3626 1387 3683 aqut

339 3695 480 3750 intereunt.
493 3695 585 3748 Haau.
894 3696 1015 3748 noctium
1030 3696 1138 3748 faciens.
1150 3695 1243 3748 idun.

380 3795 407 3842 9.
428 3775 485 3827 Hoc
502 3775 563 3827 idem
583 3773 686 3828 Caesari.
716 3773 751 3826 Et
768 3773 852 3826 Colu-
938 3793 982 3828 ra.
1003 3775 1098 3844 Quibus
1111 3774 1195 3826 diebrrs
1212 3774 1321 3826 d'uinm.
1334 3769 1386 3837 (ἶφι

341 3853 426 3906 mellae
436 3893 444 3920 ,
466 3855 515 3909 lib.
529 3853 587 3918 xl,
603 3871 662 3924 cap.
680 3873 710 3918 a,
727 3871 755 3924 p.
771 3853 824 3906 381
843 3869 851 3904 a
897 3853 932 3908 35
946 3893 954 3918 ,
970 3881 982 3904 ι
994 3851 1189 3906 interduorum
1198 3847 1387 3907 nominandis

344 3949 407 3984 «arv
416 3932 634 3988 kalendootobr.
647 3933 725 4004 Spica
734 3931 852 4004 Virginis
895 3933 1115 4005 festos,Neptuni
1126 3931 1329 4004 atqueValrsni.
1338 3954 1350 3975 ι
1360 3925 1385 3977 ll

339 4011 488 4066 exoritur.»
506 4013 599 4066 lirun.
939 4013 984 4064 13.
997 4009 1386 4085 Ριιιεισὶουιιίιιι.Βεεῇιιεάίιῦαω

381 4107 422 4144 ιο.
440 4091 599 4146 Commissum
620 4091 734 4146 Piscium.
755 4093 793 4145 Ea
807 4103 850 4146 tre·
894 4090 1011 4146 diximus
1023 4111 1082 4164 cap.
1096 4093 1142 4146 31.
1158 4090 1251 4146 Haau.
