2925 5009
455 485 615 554 nmen
642 485 770 586 rvu.
1071 485 1142 557 125

75 617 228 684 riceno¹⁷:
240 615 327 684 inter
339 639 376 684 se
392 614 485 685 obvii
500 617 690 703 miscentur,
711 614 953 711 alliganturque
971 643 1037 688 una
1056 645 1140 689 con·

75 719 171 790 ciliati
182 775 193 806 ‚
203 719 424 816 virgultorum
437 724 596 792 comitatu
605 725 714 794 obiter
724 725 860 818 rigorati
868 715 1138 818 ''quudeficiantt

75 841 130 896 aut
148 829 176 896 si
192 827 336 897 brevitas
355 853 425 897 non
443 831 589 924 patiatur
603 833 772 926 ipsorum,
788 827 999 924 adalligato’⁹
1012 847 1142 927 proten

76 931 199 1002 duntur
212 936 247 1002 in
262 933 399 1004 viduam
418 936 571 1006 arborem
590 962 689 1008 unco.
711 937 898 1007 Traducem
915 937 1042 1007 bimum
1061 963 1141 1034 prm

76 1025 218 1108 cidere³⁰
232 1041 395 1110 solebant.
417 1043 571 1112 Oneratis
591 1045 680 1113 euim
695 1057 861 1113 vetustate
879 1041 996 1114 melius
1016 1043 1142 1114 donare

78 1159 219 1241 tempus,
237 1161 275 1216 ut
291 1134 493 1217 trausilem³¹
515 1149 654 1239 saciant,
675 1151 701 1221 si
722 1135 917 1244 largiatur³²
937 1150 1140 1221 crassitudo:
1181 1227 1194 1246 Ι

79 1249 153 1321 alias
168 1252 247 1322 utile
261 1239 392 1322 toros³³
406 1253 508 1325 futuri
526 1255 679 1327 draconis
699 1258 801 1350 pasci.

129 1361 241 1427 Unum
253 1360 438 1428 etiamnum
458 1385 561 1455 genus
576 1377 626 1433 est
641 1361 788 1432 medium
805 1362 892 1430 iuter
907 1348 1006 1432 hoc³⁴
1020 1379 1054 1434 et
1070 1388 1145 1459 pro·
1163 1358 1197 1422 ⁴⁸

78 1466 226 1558 paginam
247 1490 255 1532 :
277 1479 367 1535 totns
389 1465 623 1562 supplantandi
643 1471 677 1538 in
700 1483 824 1539 terram
844 1469 949 1558 vites,
967 1471 1145 1564 cuneisque

80 1569 238 1654 findendi,
260 1586 296 1640 et
318 1573 353 1639 in
376 1571 486 1643 sulcos
507 1572 619 1669 plures
640 1572 738 1644 simul
762 1599 804 1644 ex
825 1597 892 1644 una
917 1575 1145 1670 propagandi,

80 1677 259 1770 gracilitate
272 1677 479 1772 singularum
493 1679 624 1751 firmata
637 1679 871 1776 circumligatis
881 1681 1070 1770 hastilibus,
1082 1707 1145 1750 uec

81 1785 185 1852 recisis
205 1785 262 1878 qui
282 1807 302 1851 a
325 1782 482 1855 lateribus
502 1801 680 1857 excurrant
700 1771 907 1882 pampinis³⁵.
931 1789 1146 1858 Novaniensis

83 1889 222 1983 agricola
240 1887 418 1960 traducum
437 1892 535 1961 turba
550 1919 618 1964 non
634 1907 829 1982 contentus,
847 1917 910 1962 nec
925 1897 1021 1989 copia
1039 1919 1148 1964 ramo·

86 2036 186 2090 arbusto
198 2037 321 2091 Gallico:
336 2037 476 2094 -Curetur
488 2041 593 2095 utnori
679 2060 726 2110 ²9.
747 2041 896 2112 Adalligato
975 2061 1045 2095 unco.
1069 2043 1149 2095 licaeo

85 2113 422 2171 taadueesomuibuaannis
435 2119 505 2173 inter
522 2139 550 2174 se
561 2139 593 2174 ex
636 2120 757 2176 fortassis
776 2119 905 2176 sincerius
929 2121 1012 2174 luerit
1033 2139 1041 2174 ε
1063 2139 1147 2194 quum

86 2195 217 2249 arboribus
232 2197 364 2268 proximis
390 2211 592 2262 connectantur,
635 2199 760 2256 laudatus
781 2219 797 2253 a
822 2201 903 2254 uobis
925 2201 1051 2272 proxime
1070 2201 1155 2255 Colu-

88 2286 112 2326 et
129 2287 228 2329 ueteres
252 2274 418 2330 decidantur.
446 2279 474 2332 si
496 2278 594 2332 tradux
637 2281 731 2345 mella,
744 2279 846 2352 virgam
861 2279 896 2334 ad
909 2277 1017 2334 eosdem
1028 2298 1091 2334 usus
1105 2279 1154 2334 ad·

89 2351 217 2408 uadueem
243 2375 302 2409 nou
324 2357 478 2430 confingit,
506 2355 595 2412 media
637 2361 736 2414 bibent.
750 2360 843 2413 Haau.

90 2433 157 2504 virga
177 2437 247 2488 inter
269 2433 463 2508 easdeligetur
484 2455 596 2509 :quum
680 2441 725 2493 30.
751 2439 886 2492 Traducem
910 2439 997 2491 bimum
1019 2439 1153 2509 precidem

91 2509 180 2568 deinde
200 2515 303 2570 fructm
324 2515 446 2588 pondere
472 2518 595 2588 urgebit,
639 2519 754 2572 soblem.
772 2519 872 2572 Sensus
882 2518 1156 2584 estt'l'rsduoem‚id

92 2593 205 2662 subiectis
215 2593 389 2648 adminiculis
407 2597 592 2650 sustinentem·
639 2611 693 2664 est,
707 2609 871 2652 sarmentum
887 2596 1052 2651 traductioui
1073 2595 1157 2652 desti·

92 2670 218 2726 Eran-
229 2673 260 2726 Si
270 2695 340 2742 pars.
355 2675 477 2729 Gronov·
488 2677 597 2748 aliique,
640 2691 731 2732 uatum
749 2677 778 2730 iu
796 2691 879 2731 matre
891 2678 1047 2749 priusquam
1061 2675 1155 2730 tradu-

94 2753 236 2822 sipes.Eo.
640 2770 743 2824 carent,
766 2757 872 2810 bimum
896 2758 1040 2828 putabant,
1065 2769 1096 2810 ut
1122 2774 1155 2808 eo

131 2851 175 2902 ²7·
212 2833 379 2906 Quadi-egeno
389 2868 487 2888 ......
503 2839 596 2888 uicem.
640 2836 1052 2908 temporisspatiocrasseseeret
1070 2835 1155 2900 satis,

96 2909 291 2984 Quadrageuum
297 2911 399 2984 pedum
409 2911 531 2970 distantia
542 2917 599 2988 pin·
642 2929 668 2968 et
682 2917 709 2968 in
722 2917 848 2969 arborem
860 2917 971 2969 transire
978 2914 1158 2988 posset,quod

95 2991 201 3060 grisolo
213 2993 414 3062 interponitur3
429 2997 505 3064 cujus
518 2996 600 3048 bene·
642 2995 664 3049 si
678 2996 766 3048 bimus
786 3013 841 3048 nou
859 2994 947 3049 adbuc
968 2996 1031 3048 satis
1053 2992 1159 3048 validus

95 3069 149 3124 ficio
162 3070 221 3126 dua·
233 3073 297 3126 solae
309 3073 378 3126 vites
392 3073 430 3126 sic
445 3074 600 3140 luxuriant,
642 3089 688 3129 ant
708 3093 809 3129 crassus
823 3077 905 3137 foret,
921 3074 1029 3146 lougius
1049 3072 1158 3127 dilatata

96 3163 121 3202 ut
139 3151 223 3205 arbori
243 3150 386 3205 vestienda
405 3154 547 3208 sufficiant.
563 3153 601 3208 bt
642 3155 792 3228 putatione,
808 3157 867 3227 ejus
879 3165 964 3218 toros,
975 3153 1063 3220 idest,
1075 3152 1159 3205 robur

97 3247 178 3284 macro
192 3232 319 3304 tenuique
339 3233 396 3286 solo
416 3234 538 3287 vicenum
557 3251 602 3305 pe·
643 3246 671 3287 et
691 3234 844 3287 firmitatem
865 3233 1019 3304 pascebant,
1030 3243 1057 3284 et
1082 3249 1161 3302 auge·

97 3305 155 3361 duur
168 3311 336 3364 intervallum
348 3325 402 3376 est,
415 3313 601 3385 inquorniuus
643 3313 709 3367 bant
721 3313 878 3386 priusquam
891 3311 1071 3366 traducerent.
1090 3313 1159 3364 Dus.

100 3405 198 3442 ramosa
212 3389 399 3463 lroudosaeque
415 3391 482 3446 vites
504 3391 537 3446 ad
559 3411 602 3446 ar·
695 3393 744 3448 31.
774 3393 809 3446 Ut
831 3393 962 3445 tramitem.
993 3393 1032 3445 Ut
1058 3389 1158 3444 deduci

101 3467 183 3522 berem
193 3482 305 3541 quatuor
315 3469 509 3542 perducuntur.
528 3475 600 3525 Dar..
644 3470 786 3527 commode
798 3474 827 3527 iu
838 3473 954 3526 vicinam
967 3473 1091 3524 arborem
1103 3489 1161 3542 pos·

138 3555 178 3602 aa.
193 3551 314 3621 Rigomti.
326 3549 491 3622 nigidium,
506 3549 602 3608 finnio-
645 3553 687 3608 sit.
703 3553 797 3606 Hsnu.

105 3645 175 3700 mque
193 3630 263 3684 ren.
289 3631 334 3683 sn
355 3631 461 3685 corum.
483 3599 531 3684 ts.
550 3631 603 3697 tv,
687 3627 736 3686 ιι.
756 3629 786 3684 ss
811 3633 941 3702 aquae
968 3629 1106 3682 amemus
1128 3649 1160 3683 οι

105 3721 153 3777 cap.
178 3714 209 3761 ιθ
229 3727 236 3762 s
257 3737 269 3760 ι
287 3703 479 3782 Compluribus
492 3709 603 3765 arundi·
646 3713 723 3766 MSS.
738 3713 805 3783 Reg.
826 3724 883 3764 ret
897 3729 929 3775 a,
942 3711 969 3761 ni
982 3709 1117 3780 largiatur,
1134 3724 1162 3765 et

104 3803 159 3839 uuna
184 3789 313 3843 fasciculis
339 3802 556 3856 connectuntur,
575 3803 605 3845 ut
646 3791 780 3845 consentit
793 3789 886 3845 Chiffl.
899 3791 953 3842 Eu.

105 3866 205 3938 rigorem
225 3869 352 3922 babeant.
370 3895 380 3917 ι
400 3867 477 3923 Idem
497 3869 547 3926 lib.
567 3871 604 3936 V,
689 3870 1006 3926 Summuranum
1024 3870 1161 3924 acrobur.

104 3963 154 4015 cap.
168 3971 193 4015 7,
208 3946 281 4020 quod
297 3952 405 4020 rigmn·
420 3949 537 4017 Plinius,
560 3949 605 4002 ad·
689 3949 737 4016 34.
749 3952 817 4004 luter
831 3952 883 4004 lec.
898 3951 974 4004 luter
986 3948 1121 4004 traducem
1136 3961 1163 4003 et

106 4028 209 4080 memte
218 4031 331 4082 sustinere·
342 4027 425 4096 dim,
440 4043 471 4084 ut
482 4031 605 4103 proxime
647 4031 831 4103 propaginem.
844 4031 933 4084 Haan.

105 4117 157 4158 aute
169 4109 317 4163 retulimus.
330 4109 422 4164 llaau.
691 4111 737 4165 ³5.
755 4111 889 4186 Pampr'ru's.
904 4108 1069 4164 Palmitibus.
1086 4107 1121 4160 ll.
